2496 4250
408 421 469 472 xl

742 431 1080 471 SAPIENTIA
1119 429 1444 469 ANGELICA
1485 428 1567 467 DE
1607 425 1931 479 CONJUGIO.

627 571 771 611 intima
794 569 983 618 amicitia,
1010 575 1050 610 et
1073 568 1186 622 quod
1209 566 1567 607 determinationes
1590 566 1675 617 ejus
1699 565 1742 604 in
1771 562 1965 603 delicium
1988 561 2176 602 ultimum
2196 561 2276 602 sint

626 635 670 674 in
689 635 945 687 beneplacito
964 633 1096 673 mariti
1121 632 1180 688 (n.
1194 631 1384 683 258-262
1405 636 1477 679 [De
1491 637 1575 668 Am.
1593 635 1708 675 Conj„
1724 645 1757 667 n.
1775 626 1887 683 2211).

548 741 615 780 De
637 739 793 779 deliciis
809 739 919 779 illius
935 738 1099 786 amoris,
1118 743 1158 777 et
1175 736 1308 786 unde;
1338 735 1452 775 varia
1470 735 1526 788 (n.
1545 733 1617 774 261
1637 739 1709 782 [De
1717 739 1802 771 Am.
1821 737 1980 779 conj.,n.
1994 737 2066 794 183,
2077 737 2150 780 189,
2167 727 2278 786 198]).

546 831 672 883 Quod
695 831 828 871 mariti
852 832 953 871 sicut
977 845 1029 872 ex
1053 831 1252 884 sapientia
1274 838 1413 873 amant
1436 834 1659 874 castitatem
1684 840 1724 873 et
1746 834 1965 873 amicitiam
1990 835 2279 887 conjugialem‚

627 896 683 935 ita
709 897 885 935 sentiant
908 895 1077 936 delicias
1102 897 1250 936 amoris
1281 897 1522 950 conjugialis
1552 898 1604 936 ab
1632 898 1828 938 uxoribus
1855 898 1933 937 sibi
1962 899 2280 939 communicatas

629 959 689 1014 (n.
713 957 939 1014 263-265).

545 1065 668 1116 Quod
692 1064 961 1116 intelligentia
983 1063 1228 1104 feminarum
1250 1065 1296 1105 in
1319 1078 1362 1105 se
1382 1065 1434 1106 sit
1454 1072 1607 1115 tenera,
1627 1066 1810 1119 pacifica,
1832 1066 1997 1116 cedens,
2017 1067 2166 1116 mollis,
2186 1067 2277 1120 pul-

626 1129 735 1177 chra,
756 1129 954 1178 modesta,
975 1129 1174 1178 amabilis,
1195 1129 1297 1169 sicut
1316 1129 1428 1182 ipsae
1444 1145 1456 1179 ;
1489 1137 1528 1170 et
1547 1130 1659 1183 quod
1682 1130 1952 1182 intelligentia
1970 1131 2147 1170 virorum
2168 1131 2213 1171 in
2234 1144 2279 1171 se

625 1193 674 1232 sit
703 1193 853 1245 gravis,
875 1206 1031 1245 aspera,
1057 1193 1171 1241 dura,
1195 1200 1332 1243 tenaX,
1355 1194 1551 1243 animosa,
1572 1207 1679 1246 vaga
1701 1206 1795 1233 cum
1818 1195 1984 1235 licentia
2009 1194 2069 1250 (n.
2087 1195 2278 1248 269—273

627 1262 699 1304 [De
713 1264 798 1295 Am.
816 1264 931 1303 Conj.‚
948 1274 982 1296 n.
1000 1256 1112 1312 218]).
2288 1263 2293 1268 '

543 1360 667 1413 Quod
686 1361 952 1413 intelligentia
972 1361 1109 1401 uxoris
1133 1361 1183 1401 sit
1208 1361 1314 1401 circa
1333 1367 1502 1402 externa
1524 1375 1628 1415 quae
1650 1369 1847 1403 vocantur
1861 1363 2127 1404 oeconomica
2145 1371 2185 1405 et
2204 1364 2278 1404 do-

622 1425 790 1464 mestica
798 1440 809 1474 3
833 1431 872 1464 et
887 1425 998 1477 quod
1010 1425 1146 1477 quoad
1162 1425 1319 1464 interna
1333 1432 1372 1464 et
1385 1424 1573 1475 forensia,
1585 1426 1763 1478 pendeat
1778 1427 1830 1466 ab
1843 1427 2110 1480 intelligentia
2122 1429 2274 1477 mariti3

625 1494 665 1527 et
692 1489 726 1527 si
754 1488 880 1527 vidua
903 1495 975 1536 est,
1001 1488 1053 1527 ab
1073 1487 1342 1540 intelligentia
1364 1489 1557 1537 virorum,
1583 1490 1660 1529 nisi
1684 1503 1789 1543 quae
1813 1491 1901 1543 ipsa
1924 1504 1975 1530 ex
1995 1491 2276 1532 recordatione
2309 1541 2314 1545 .

625 1552 733 1604 apud
753 1565 795 1591 se
817 1565 841 1591 a
858 1553 1002 1592 marito
1023 1552 1157 1592 hausit
1179 1551 1238 1607 (n.
1257 1553 1448 1604 274—278
1469 1559 1541 1601 [De
1554 1561 1639 1593 Am.
1661 1560 1775 1600 conj„
1792 1571 1826 1593 n.
1843 1572 1898 1602 90,
1914 1572 1968 1603 91,
1985 1554 2095 1611 325])·

543 1657 667 1710 Quod
687 1671 789 1696 uxor
809 1656 1019 1698 actualiter
1038 1657 1232 1697 formetur
1250 1659 1293 1697 in
1314 1671 1493 1698 amorem
1509 1659 1730 1711 sapientiae
1750 1660 1896 1709 mariti,
1913 1667 1953 1700 et
1975 1661 2088 1714 quod
2111 1661 2190 1702 hoc
2207 1662 2277 1703 fiat

623 1735 695 1774 per
709 1721 890 1774 proprias
906 1722 1158 1773 receptiones
1174 1723 1514 1775 propagationum
1534 1723 1695 1762 animae
1716 1724 1802 1776 ejus
1820 1736 1912 1763 cum
1933 1724 2082 1764 delicio
2102 1725 2275 1766 oriundo

625 1798 676 1824 ex
697 1798 759 1833 eo,
782 1785 893 1837 quod
914 1785 1014 1825 velit
1034 1798 1121 1826 esse
1144 1787 1366 1838 sapientiae
1391 1787 1453 1826 sui
1472 1787 1604 1826 mariti
1627 1800 1742 1826 amor
1750 1802 1761 1836 3
1793 1793 1833 1828 et
1852 1788 1963 1840 quod
1986 1788 2044 1828 sic
2066 1788 2139 1828 illa
2160 1789 2229 1830 fiat
2251 1804 2278 1830 a

622 1849 778 1901 virgine
809 1862 931 1898 uX0r3
977 1849 1032 1888 ita
1065 1849 1108 1889 fit
1141 1850 1365 1889 similitudo
1407 1850 1465 1904 (n.
1489 1850 1672 1901 279—281
1708 1856 1780 1898 [De
1798 1858 1883 1890 Am.
1912 1857 2026 1898 Gens„
2047 1869 2080 1891 n.
2106 1870 2178 1899 172,
2202 1871 2274 1901 173,

543 1911 926 2028 Varizgeirffilyduela
945 1974 1184 2027 angelorum
1205 1975 1257 2014 de
1277 1975 1356 2014 hac
1375 1988 1418 2014 re
1445 1974 1506 2031 (n.
1523 1975 1621 2029 281).

541 2081 666 2134 Quod
685 2081 742 2121 ita
761 2081 962 2133 sapientia
979 2081 1113 2121 mariti
1132 2081 1296 2121 indatur
1314 2082 1444 2130 uxori,
1461 2082 1739 2134 approprietur
1759 2087 1798 2121 et
1817 2081 1886 2121 fiat
1905 2081 2024 2120 insita
2041 2081 2147 2121 vitae
2167 2081 2273 2133 ejusz

621 2146 732 2185 unde
756 2146 799 2184 in
820 2158 947 2185 uxore
969 2146 1102 2185 existit
1121 2151 1161 2185 et
1191 2146 1334 2185 crescit
1363 2158 1476 2184 amor
1499 2145 1722 2197 sapientiae
1751 2145 1882 2184 mariti
1910 2143 1970 2201 (n.
1991 2143 2183 2195 282—284
2202 2150 2276 2192 [De

622 2217 707 2248 Am.
726 2215 841 2255 Conj.,
858 2226 892 2247 n.
909 2209 1019 2263 173]).

540 2314 664 2367 Quod
679 2327 821 2354 verum
836 2313 934 2352 boni
947 2314 995 2353 sit
1015 2313 1300 2363 masculinum,
1318 2326 1366 2360 ac
1384 2313 1541 2353 bonurn
1556 2314 1640 2353 veri
1660 2313 1903 2353 femininum
1922 2311 1982 2369 (n.
2000 2323 2182 2365 319-323
2203 2318 2278 2361 [De

622 2386 706 2417 Am.
725 2385 839 2424 Conj.‚
857 2394 890 2417 n.
907 2395 962 2426 90,
977 2380 1068 2432 91]).

541 2483 665 2536 Quod
686 2483 890 2523 masculus
907 2470 1062 2522 creatus
1082 2483 1131 2522 sit
1151 2488 1195 2522 ut
1214 2482 1282 2522 fiat
1305 2482 1516 2534 sapientia,
1533 2487 1572 2521 et
1596 2481 1749 2521 femina
1762 2486 1807 2521 ut
1829 2481 1897 2521 fiat
1920 2494 2035 2520 arnor
2053 2480 2275 2533 sapientiae

622 2548 697 2587 viri
721 2548 779 2603 (n.
799 2555 993 2599 725-731,
1017 2555 1208 2598 732—742
1229 2552 1302 2594 [De
1315 2554 1400 2584 Am.
1419 2552 1533 2592 Conj.,
1550 2563 1583 2583 n.
1603 2563 1655 2592 32,
1673 2543 1762 2600 33]).

540 2645 666 2698 Quod
691 2657 805 2684 amor
829 2644 1067 2696 conjugialis
1091 2644 1309 2696 praecipue
1333 2656 1358 2682 a
1377 2642 1531 2682 maritis
1551 2642 1782 2695 dependeat
1809 2640 1868 2697 (n.
1887 2649 2075 2693 753—757
2101 2646 2173 2689 [De
2186 2648 2271 2680 Am.
2327 2678 2332 2682 .

629 2715 743 2755 conj„
761 2725 794 2746 n.
813 2707 978 2763 216[*]]).
1888 2707 1891 2710 ’

541 2806 756 2859 Quaedam
781 2817 929 2844 arcana
949 2805 1001 2844 de
1023 2804 1390 2844 communicatione
1411 2803 1558 2842 amoris
1577 2803 1682 2842 inter
1701 2803 1894 2854 conjuges
1914 2801 1974 2858 (n.
1993 2810 2015 2853 7
2020 2801 2218 2857 58—762).

537 2913 604 2952 De
625 2911 908 2951 affectionibus
928 2911 1107 2950 virorum
1129 2917 1168 2950 et
1192 2910 1448 2957 feminarum,
1468 2908 1629 2948 illarum
1654 2909 1938 2948 convenientia
1957 2915 1997 2948 et
2019 2908 2274 2948 disconveni-

624 2976 734 3015 entia
760 2974 872 3031 (vide
895 2974 1069 3017 Affectio
1092 2981 1131 3014 et
1155 2972 1408 3028 Sl'msll'flldo)
1438 2977 1498 3028 (n.
1517 2973 1611 3023 766,
1630 2987 1706 3026 seq.
1730 2979 1802 3021 [De
1820 2980 1904 3011 Am.
1926 2979 2040 3019 Conj.,
2056 2989 2091 3012 n.
2108 2988 2274 3020 227—229‚

623 3047 697 3086 246,
714 3057 787 3086 271,
803 3038 928 3093 seq.]).
1872 3038 1874 3040 ³

541 3135 684 3176 Sermo
712 3135 942 3188 sapientum
970 3135 1022 3174 de
1051 3134 1352 3187 pulchritudine
1381 3146 1502 3173 sexus
1526 3132 1711 3172 feminini
1739 3131 2005 3188 (Memorab.,
2026 3145 2067 3173 n.
2084 3131 2180 3172 1018
2201 3137 2275 3181 [De

622 3206 707 3238 Am.
731 3205 844 3245 Conj.‚
862 3216 895 3237 n.
915 3198 1004 3253 56]).

541 3296 607 3336 De
628 3296 860 3336 discrimine
881 3297 1028 3336 amoris
1049 3309 1169 3336 sexus
1189 3295 1300 3348 apud
1319 3295 1504 3335 homines
1526 3301 1566 3334 et
1589 3294 1698 3347 apud
1718 3294 1865 3334 bestias
1892 3294 2003 3349 (vide
2022 3291 2187 3348 Bestia)
2213 3294 2271 3347 (n.

623 3369 838 3413 1194—1251
859 3366 931 3409 [De
945 3369 1029 3400 Am.
1054 3367 1168 3406 conj„
1184 3377 1218 3398 n.
1236 3367 1290 3406 48,
1305 3366 1428 3407 94—96‚
1446 3357 1556 3414 133]).

541 3459 609 3500 De
628 3472 765 3500 amore
785 3472 905 3500 sexus
929 3457 1043 3515 (vide
1062 3458 1186 3501 Amor
1207 3456 1379 3514 Sexus).

541 3562 609 3604 De
637 3569 762 3603 status
786 3563 1078 3603 mutationibus
1104 3563 1214 3615 apud
1237 3563 1369 3602 virum
1403 3567 1443 3601 et
1473 3560 1680 3610 feminam,
1704 3559 1902 3613 imprimis
1935 3572 2009 3612 per
2037 3557 2270 3611 conjugium
2295 3615 2303 3623 ε

625 3628 738 3680 (vide
759 3627 926 3679 Status)
953 3627 1011 3682 (n.
1027 3625 1256 3678 1252—1285
1281 3631 1352 3674 [De
1366 3632 1449 3663 Am.
1474 3631 1587 3671 Conj.,
1604 3641 1637 3663 n.
1659 3623 1856 3677 184-206]).

546 3725 611 3765 De
632 3726 755 3777 signis
777 3724 887 3777 quod
907 3737 994 3763 mas
1016 3730 1054 3763 et
1074 3722 1227 3763 femina
1244 3722 1370 3762 velint
1390 3733 1518 3760 unum
1538 3720 1636 3769 fieri,
1658 3719 1769 3759 vmia
1791 3718 1849 3774 (n.
1867 3717 1980 3767 1262,
1996 3715 2131 3773 1278).
