2496 4250
965 446 1047 486 DE
1085 446 1467 487 CHARITATE.
1841 412 1843 414 Ι
2082 451 2144 488 21

280 596 338 643 et
366 588 550 657 quoad
590 587 921 655 potentiam,
955 587 1034 638 ita
1072 588 1241 638 etiam
1281 588 1465 655 quoad
1506 587 1776 653 tutelam3
1817 606 1985 656 quare
2025 588 2149 655 plus

278 684 466 720 amare
494 667 641 718 aliud
669 681 920 732 regnum,
950 665 1296 716 consulendo
1323 666 1438 731 ejus
1467 667 1583 718 usui
1612 666 1751 732 pluS,
1780 666 1922 718 foret
1951 675 2151 718 contra

278 746 487 798 bonum
514 745 670 811 regni
696 745 751 795 in
778 761 888 811 quo
914 751 1001 794 est
1023 761 1035 807 ;
1076 761 1244 810 quare
1285 745 1466 810 patria
1505 746 1746 795 amanda
1773 754 1860 796 est
1899 746 1953 795 in
1982 762 2150 811 supe-

277 825 420 876 riore
447 824 641 890 gradu.
2144 874 2146 876 ,

384 900 467 953 Sit
494 900 791 967 exemplo:
834 898 890 951 Si
922 907 1086 951 natus
1124 900 1348 951 fuissem
1376 900 1653 952 Venetiae
1693 910 1788 953 aut
1830 902 2064 963 Romae,
2094 911 2151 954 et

278 979 323 1031 si
348 996 530 1032 essem
559 978 907 1031 Christianus
935 978 1284 1039 reformatuS,
1306 996 1436 1028 num
1459 979 1699 1029 amanda
1721 988 1806 1030 est
1831 982 2023 1046 patria,
2055 998 2152 1032 seu

279 1058 370 1110 ubi
391 1065 571 1118 natuS‚
596 1065 824 1123 propter
845 1057 1052 1107 bonum
1075 1056 1358 1122 spirituale
1380 1074 1390 1106 :
1433 1073 1545 1107 non
1568 1074 1811 1122 possum,
1836 1075 1937 1109 nec
1967 1060 2152 1126 quoad

278 1136 488 1187 bonum
517 1134 725 1186 morale
753 1143 811 1186 et
839 1134 998 1186 civile
1027 1142 1298 1202 quantum
1337 1135 1392 1185 id
1431 1135 1716 1200 dependet
1745 1153 1777 1186 a
1804 1137 1952 1188 bono
1992 1139 2151 1203 spiri-

278 1213 431 1275 tuali,
475 1221 535 1265 ut
576 1213 670 1277 fit;
727 1213 825 1265 sed
867 1222 1140 1280 quantum
1180 1230 1292 1264 non
1333 1214 1542 1279 pendet
1581 1215 1654 1264 ab
1694 1231 1778 1275 e0,
1821 1231 2065 1280 possum,
2106 1219 2153 1268 si

280 1309 450 1359 usque
478 1293 656 1358 patria
683 1291 777 1343 illa
804 1293 932 1343 odio
955 1309 1043 1343 me
1071 1292 1243 1343 habet
1266 1310 1277 1355 ;
1319 1293 1394 1342 sic
1424 1309 1536 1342 non
1565 1293 1694 1343 odio
1722 1293 1942 1344 habebo
1970 1295 2151 1346 inimi-

280 1387 405 1422 cum
434 1387 535 1422 nec
565 1371 804 1432 hostem,
835 1371 934 1421 sed
962 1368 1134 1438 usque
1161 1371 1382 1430 amabo,
1412 1387 1524 1421 non
1553 1371 1818 1422 damnum
1846 1373 2150 1434 inferendO,

279 1449 379 1500 sed
417 1448 762 1500 consulendo
801 1449 915 1515 ejus
955 1449 1183 1510 bonum,
1225 1457 1499 1516 quantum
1549 1458 1635 1500 est
1676 1450 1884 1501 bonum
1935 1451 2000 1512 ei,
2040 1468 2152 1502 non

280 1527 624 1578 consulendo
650 1529 728 1578 ita
756 1535 815 1578 ut
844 1526 1169 1579 confirmem
1196 1527 1350 1578 illam
1377 1529 1431 1578 in
1460 1545 1559 1578 suo
1586 1527 1728 1579 falso
1755 1536 1813 1579 et
1835 1528 2000 1580 malo,

385 1604 497 1656 Sed
524 1606 593 1657 de
621 1622 809 1657 amore
838 1607 1050 1672 patriae
1078 1605 1209 1657 alibi
1236 1605 1408 1672 plura.

277 1781 320 1824 4.
363 1781 483 1828 Quod
500 1783 643 1825 Genus
663 1783 899 1825 Humanum
913 1782 954 1824 ιή
969 1781 1181 1825 latissimo
1194 1795 1329 1825 sensu
1349 1782 1410 1824 sit
1423 1782 1673 1837 proximus:
1695 1783 1778 1826 sed
1793 1782 1891 1838 quia
1906 1783 2154 1826 dlsffnctum

279 1840 281 1842 ’
446 1850 517 1889 est
537 1846 624 1902 [in]
649 1846 839 1901 impet-la,
862 1859 995 1901 regna
1017 1850 1063 1888 et
1079 1846 1367 1900 respubh'cas,
1390 1846 1701 1901 unumquodvis
1730 1851 1801 1889 est
1823 1847 2047 1902 proximus
2077 1860 2153 1890 se-

446 1910 630 1952 cundum
650 1910 802 1952 bonum
823 1909 1042 1964 religion&
1063 1912 1109 1951 et
1126 1922 1303 1956 morum,
1327 1913 1371 1951 et
1389 1910 1625 1952 secundum
1647 1910 1800 1952 bonum
1821 1911 1935 1965 quod
1952 1915 2156 1966 praestat

446 1973 629 2028 patriae,
654 1977 699 2015 et
718 1986 846 2015 unum
868 1986 963 2015 cum
985 1985 1064 2015 suo
1085 1972 1191 2015 bono
1213 1972 1329 2015 facit.

389 2091 547 2144 Haec
570 2092 839 2159 ampliora
865 2099 994 2143 sunt
1022 2108 1188 2158 quam
1217 2099 1276 2142 ut
1305 2089 1566 2142 distincte
1595 2091 1811 2157 possint
1838 2091 2115 2143 illustrari.

388 2170 535 2222 Satis
562 2180 647 2222 est
675 2171 823 2238 quod
851 2172 965 2221 sive
992 2170 1079 2221 hic
1108 2178 1204 2220 aut
1233 2169 1323 2220 ille
1353 2170 1527 2220 homo
1554 2188 1626 2220 ex
1650 2171 1755 2221 hoc
1778 2178 1873 2221 aut
1900 2170 1996 2221 illo
2024 2188 2151 2237 reg-

282 2265 355 2300 no
382 2250 452 2300 sit
484 2250 632 2315 apud
659 2266 765 2310 me,
794 2256 852 2300 et
892 2248 1155 2304 cumillo
1194 2249 1247 2298 in
1289 2265 1397 2298 una
1436 2249 1604 2299 domo
1643 2256 1738 2299 aut
1777 2249 1831 2298 in
1871 2265 1979 2299 una
2018 2250 2151 2300 urbe

282 2327 551 2389 habitem,
574 2327 666 2378 ille
693 2329 763 2379 sit
791 2327 923 2378 mihi
953 2328 1241 2393 proximus
1270 2327 1575 2378 secundum
1603 2343 1762 2377 suum
1789 2327 1996 2378 bonum
2026 2345 2036 2390 ;
2078 2328 2150 2376 si—

281 2406 410 2457 mile
433 2415 519 2457 est
538 2423 662 2457 cum
680 2406 933 2457 omnibus
951 2407 1004 2456 in
1022 2405 1118 2456 illo
1137 2422 1330 2471 regno,
1348 2406 1542 2472 quibus
1560 2404 1850 2470 singularis
1869 2405 1959 2455 ille
1979 2405 2150 2455 homo

282 2484 471 2535 similis
499 2493 584 2536 est
606 2502 616 2535 ε
658 2486 728 2535 sit
751 2484 971 2551 legatus
993 2484 1149 2550 regni
1177 2485 1268 2550 qui
1291 2501 1483 2550 regem
1506 2500 1664 2533 suum
1686 2491 1743 2534 et
1765 2483 1891 2534 inde
1915 2501 2151 2550 regnum

281 2571 700 2629 repraesentat3
753 2562 902 2629 quod
947 2562 1040 2613 ille
1087 2562 1220 2612 mihi
1266 2563 1556 2627 proximus
1594 2563 1664 2612 sit
1704 2561 2009 2612 secundum
2050 2563 2149 2614 bo-

283 2657 414 2692 num
450 2659 579 2692 suae
614 2641 895 2707 religionis
934 2649 991 2692 et
1020 2657 1254 2699 morum,
1284 2648 1339 2690 et
1369 2641 1510 2691 sicut
1538 2639 1658 2690 vult
1698 2640 1909 2705 patriae
1939 2640 2150 2691 bonum

282 2726 341 2770 et
386 2719 503 2780 sibi,
545 2736 656 2770 non
697 2720 887 2786 negari
926 2727 1116 2785 potest
1139 2736 1150 2782 3
1192 2719 1459 2784 imprimis
1500 2726 1771 2784 quantum
1810 2717 1940 2768 facit
1979 2736 2149 2769 unum

284 2813 413 2849 cum
442 2815 541 2849 suo
567 2798 732 2849 bono,

390 2875 518 2926 Non
546 2875 740 2942 loquor
767 2876 836 2927 de
864 2875 971 2927 alio
998 2876 1147 2926 bono
1176 2892 1342 2942 quam
1373 2875 1440 2925 de
1469 2874 1618 2925 bono
1646 2875 1952 2935 charitatiS,
1982 2883 2038 2925 et
2080 2875 2149 2926 de

279 2952 433 3005 -bono
470 2955 742 3020 genuinae
788 2954 1090 3005 charitatis,
1167 2954 1404 3004 Possunt
1445 2953 1574 3003 mali
1613 2969 1798 3003 amare
1839 2969 1896 3002 se
1936 2961 2146 3012 mutuo,

284 3031 452 3082 etiam
475 3031 738 3092 latrones,
762 3041 818 3083 et
842 3032 1062 3093 diaboli,
1087 3032 1186 3082 sed
1215 3049 1331 3082 non
1359 3049 1431 3081 ex
1457 3032 1747 3091 charitate,
1779 3048 1874 3081 seu
1901 3049 1974 3080 ex
1998 3031 2147 3081 bono

284 3111 486 3160 amoris
525 3111 831 3173 interioris;
873 3110 971 3161 sed
1011 3111 1136 3176 quia
1175 3126 1343 3159 unum
1382 3109 1588 3159 faciunt
1627 3110 1682 3158 in
1722 3108 2144 3169 malefaciendo,

284 3186 532 3249 furando,
574 3189 892 3249 scortando,
925 3188 1278 3247 vindicando,
1309 3187 1637 3246 occidend0‚
1679 3186 2144 3251 blasphemando,

286 3273 415 3316 sunt
460 3267 697 3331 proximi
735 3267 879 3317 inter
918 3283 1009 3328 se;
1062 3266 1160 3316 sed
1200 3266 1254 3316 hi
1294 3282 1405 3315 non
1445 3264 1851 3330 intelliguntur,
1892 3265 2017 3330 quia
2055 3265 2144 3315 hic

287 3343 470 3409 agitur
496 3344 565 3394 de
593 3344 866 3395 charitate
894 3352 951 3395 et
978 3344 1092 3409 ejus
1122 3344 1286 3394 bono.

395 3421 623 3471 Possum
650 3438 846 3472 omnes
881 3423 934 3472 in
963 3423 1219 3471 universo
1246 3438 1430 3471 amare
1459 3421 1762 3471 secundum
1801 3419 2144 3485 religionem,

289 3513 400 3548 non
427 3498 549 3563 plus
576 3498 700 3549 illos
727 3500 781 3549 in
810 3501 988 3564 patria
1015 3516 1180 3565 quam
1208 3500 1261 3549 in
1290 3498 1407 3548 aliis
1435 3499 1637 3563 regni5‚
1667 3513 1768 3547 nec
1798 3497 1919 3562 plus
1947 3498 2000 3546 in
2029 3496 2145 3547 Eu-

288 3591 424 3640 ropa
450 3593 615 3642 quam
636 3577 690 3626 in
713 3576 904 3627 Africa
927 3595 938 3639 ;
978 3594 1106 3627 amo
1127 3577 1398 3642 gentilem
1421 3593 1549 3641 prae
1574 3574 1907 3634 ChristianO,
1932 3575 1975 3625 si
2003 3575 2144 3625 bene

288 3652 424 3704 vivit
451 3653 754 3704 secundum
782 3654 1125 3720 religionem,
1155 3655 1199 3704 si
1227 3654 1360 3704 colit
1390 3653 1570 3703 Deum
1598 3670 1670 3702 ex
1699 3652 1883 3712 corde,
1907 3652 2145 3703 dicendo

289 3744 400 3780 non
421 3730 551 3781 volo
572 3731 676 3782 hoc
700 3730 906 3781 malum
923 3731 1101 3782 facere
1124 3733 1249 3798 quia
1266 3740 1350 3781 est
1371 3739 1566 3781 contra
1585 3730 1764 3780 Deum
1786 3748 1798 3793 ;
1827 3746 1937 3785 non
1955 3739 2144 3782 autem
