2496 4250
499 430 594 493 138
1028 441 1111 480 DE
1150 440 1323 481 NOVA
1365 442 1817 484 HIERosotvMA

580 576 725 634 Quod
745 577 905 620 variae
930 577 1162 621 ecclesiae
1179 577 1362 622 fuerint
1380 588 1491 635 post
1509 580 1761 631 diluvium,
1780 596 1904 639 quae
1927 597 2023 627 una
2039 597 2161 629 voce
2181 584 2347 631 Eccle-

490 635 562 678 sia
585 636 806 691 Antiqua
827 644 1068 679 vocantur
1092 637 1171 691 (de
1194 637 1370 693 quibus
1394 652 1438 680 n.
1467 650 1628 694 1125-1
1644 651 1735 693 127,
1764 651 1886 695 1327,
1915 643 2088 697 10355).

580 694 800 750 Antiqua
821 694 1036 737 Ecclesia
1054 708 1139 750 per
1161 703 1283 750 quot
1305 709 1455 752 regna
1473 697 1619 741 Asiae
1638 698 1730 741 fuit
1746 708 1948 742 extensa
1968 703 2031 756 (n.
2057 701 2177 756 1238,
2196 701 2345 758 2385).

579 751 761 808 Quales
785 752 982 794 fuerunt
1004 752 1229 796 homines
1254 754 1502 810 Antiquae
1532 756 1776 800 Ecclesiae
1798 759 1862 811 (n.
1885 758 1983 812 609,
2009 758 2130 814 865).

579 809 725 867 Quod
743 810 959 853 Ecclesia
974 810 1194 867 Antiqua
1207 811 1352 854 fuerit
1367 813 1571 856 ecclesia
1586 816 2012 870 repraesentativa,
2027 825 2077 860 et
2091 817 2224 873 quod
2239 817 2347 874 ejus

490 869 902 924 repraesentativa
935 868 1115 912 fuerint
1149 869 1197 911 in
1231 884 1381 912 unum
1414 871 1620 915 collecta
1651 876 1712 916 ab
1746 874 2028 918 hominibus
2050 871 2343 932 quibusdam

490 927 878 983 Antiquissimae
906 927 1148 971 Ecclesiae
1174 929 1238 982 (n.
1261 938 1355 984 519,
1378 940 1471 984 521,
1496 931 1645 985 2896).

578 985 724 1042 Quod
767 986 894 1042 apud
931 986 1200 1042 Antiquam
1239 986 1504 1031 Ecclesiam
1547 989 1694 1032 fuerit
1725 990 1957 1041 Verbum,
1989 991 2076 1035 sed
2118 992 2252 1049 quod
2295 991 2344 1036 id

489 1044 801 1100 deperditum
824 1044 888 1087 sit
914 1046 978 1099 (n.
1004 1044 1151 1098 2897).

491 1121 493 1123 >
577 1102 748 1159 Qualis
773 1102 993 1159 Antiqua
1018 1102 1234 1146 Ecclesia
1255 1117 1365 1146 cum
1390 1105 1550 1161 caepit
1570 1106 1817 1150 declinare
1843 1108 1907 1163 (n.
1938 1107 2082 1162 1128).

578 1161 854 1204 Discrimen
888 1161 1015 1204 inter
1043 1161 1309 1205 Ecclesiam
1333 1163 1742 1220 Antiquissimam
1769 1173 1819 1208 et
1852 1166 2122 1222 Antiquam
2152 1167 2218 1222 (n.
2247 1176 2345 1223 597,

487 1219 587 1272 697,
610 1219 709 1272 649,
732 1219 830 1272 641,
855 1220 1074 1287 769784,
1100 1220 1195 1275 895,
1214 1225 1364 1287 44931,
1987 1282 1995 1290 ,

577 1277 723 1336 Quod
757 1278 1119 1334 AntiquisSima
1151 1287 1200 1321 et
1234 1280 1454 1335 Antiqua
1482 1280 1698 1324 Ecclesia
1724 1281 1905 1325 fuerint
1931 1290 2080 1325 etiam
2114 1282 2163 1325 in
2195 1282 2346 1327 Terra

489 1336 730 1386 Canaane,
754 1345 803 1379 et
825 1338 957 1393 quod
978 1337 1091 1380 inde
1115 1339 1528 1393 repraesentativa
1551 1340 1771 1383 locorum
1799 1342 1862 1395 (n.
1888 1340 2014 1395 3686,
2032 1351 2160 1394 4447,
2182 1343 2333 1397 4454).

579 1395 652 1438 De
676 1395 882 1438 ecclesia
906 1395 1136 1438 incohata
1162 1397 1222 1438 ab
1253 1396 1424 1447 Ebero‚
1448 1411 1573 1454 quae
1604 1398 1820 1442 Ecclesia
1845 1398 2071 1442 Hebraea
2092 1398 2226 1443 dieta
2249 1400 2344 1444 fuit

491 1455 556 1509 (n.
586 1454 706 1520 1238,
727 1466 1008 1520 ‘1241,·1343‚
1032 1454 1159 1509 4516,
1183 1455 1334 1520 4517).
1417 1513 1425 1522 ·

579 1512 851 1555 Discrimen
873 1522 1000 1555 inter
1021 1513 1287 1555 Ecclesiam
1308 1513 1578 1570 Ant1quam
1597 1523 1647 1558 et
1668 1514 1942 1558 Hebraeam
1965 1517 2029 1571 (n.
2054 1527 2175 1571 1343,
2192 1516 2343 1571 4874).

577 1570 723 1628 Quod
760 1571 944 1614 Eberus
978 1571 1245 1614 instituerit
1277 1572 1512 1615 sacrificia
1545 1573 1592 1615 in
1627 1574 1861 1630 Antiquis
1890 1574 2121 1618 Ecclesiis
2144 1588 2344 1631 prorsus

489 1629 658 1687 ignota
684 1631 747 1684 (n.
776 1631 920 1684 1343).

580 1687 726 1745 Quod
755 1688 1005 1744 Antiquae
1031 1688 1275 1731 Ecclesiae
1298 1689 1655 1733 concordarent
1684 1704 1795 1733 cum
1819 1690 2099 1734 Christiana
2130 1690 2347 1736 Ecclesia

487 1747 650 1803 quoad
685 1747 886 1796 interna,
912 1760 1009 1790 non
1043 1755 1208 1790 autem
1241 1748 1405 1803 quoad
1438 1756 1640 1791 externa
1675 1751 1738 1804 (n.
1763 1750 1889 1805 3478,
1911 1749 2040 1805 4489,
2062 1759 2191 1803 4772,
2213 1761 2343 1806 4904,

493 1818 567 1848 101
657 1840 666 1848 .

575 1806 723 1922 &god
744 1863 789 1906 in
805 1863 1163 1920 Antiquissima
1178 1863 1395 1906 Ecclesia
1412 1863 1557 1907 fuerit
1573 1866 1805 1909 revelatio
1821 1865 2116 1916 immediata,
2133 1866 2181 1908 in
2201 1866 2345 1910 Anti-

487 1936 584 1979 qua
609 1922 825 1965 Ecclesia
852 1936 936 1978 per
962 1922 1434 1978 correspondentias‚
1460 1922 1507 1965 in
1538 1923 1755 1967 Ecclesia
1775 1924 1981 1982 Judaica
2001 1924 2113 1968 viva
2133 1938 2270 1975 voce,
2293 1934 2344 1969 et

487 1981 535 2024 in
562 1980 779 2024 Ecclesia
802 1979 1082 2024 Christiana
1105 1994 1190 2036 per
1211 1980 1428 2023 Verbum
1455 1982 1519 2035 (n.
1550 1984 1722 2037 10355).

576 2039 722 2097 Quod
758 2039 1001 2082 Dominus
1024 2038 1170 2082 fuerit
1198 2039 1332 2082 Deus
1357 2039 1744 2096 Antiquissimae
1775 2041 2033 2091 Ecclesiae,
2057 2049 2108 2084 et
2138 2049 2344 2086 vocatus

485 2097 709 2156 Jehovah
737 2100 801 2153 (n.
831 2110 952 2152 1343,
976 2098 1126 2152 6846).

575 2156 721 2214 Quod
759 2156 1001 2200 Dominus
1034 2157 1097 2200 sit
1129 2156 1318 2199 caelum
1351 2164 1401 2199 et
1437 2157 1570 2213 quod
1604 2157 1668 2201 sit
1699 2157 1905 2201 ecclesia
1939 2161 2004 2214 (n.
2029 2157 2159 2212 4766,
2191 2169 2343 2215 10125,

491 2227 566 2258 101
611 2228 644 2264 1,
675 2228 747 2257 101
839 2248 848 2258 .
2315 2266 2320 2270 ι

577 2227 743 2331 (SQuod
761 2215 1003 2316 5Divinum
1024 2272 1225 2316 Domini
1248 2272 1395 2316 faciat
1417 2274 1620 2323 caelum,
1639 2274 1866 2318 videatur
1884 2274 1931 2318 in
1950 2288 2097 2332 opere
2114 2276 2190 2318 De
2207 2277 2343 2320 Caelo

484 2337 529 2376 et
541 2334 754 2389 Inferna,
769 2346 814 2375 n.
830 2342 956 2385 7—12,
973 2340 1022 2374 et
1041 2331 1183 2384 78—86
1200 2345 1209 2374 t
1237 2332 1304 2374 ita
1319 2346 1515 2388 quoque
1531 2333 1800 2383 ecclesiam,
1815 2335 2047 2390 quoniam
2064 2335 2197 2390 quod
2213 2335 2343 2391 apud

486 2391 738 2434 hominem
757 2390 874 2434 facit
889 2391 1078 2433 caelum
1097 2390 1192 2433 hoc
1209 2404 1406 2447 quoque
1425 2390 1541 2434 facit
1555 2391 1824 2442 ecclesiam,
1841 2405 1987 2449 supra
2006 2392 2054 2435 in
2071 2391 2340 2444 Doftrina.)

486 2564 629 2621 248.
671 2564 746 2606 De
765 2563 975 2606 Ecclesia
1008 2562 1233 2620 Judaica,
1257 2567 1302 2605 et
1322 2562 1379 2605 de
1408 2563 1622 2621 Judaez's.

573 2669 719 2728 Quod
753 2678 951 2720 statuta,
983 2670 1167 2726 judicia
1203 2678 1252 2713 et
1289 2671 1432 2726 leges,
1467 2684 1591 2726 quae
1625 2671 1855 2715 mandata
1886 2680 2000 2715 sunt
2039 2673 2087 2716 in
2127 2673 2343 2718 Ecclesia

482 2727 701 2786 judaica,
730 2728 911 2772 fuerint
937 2729 1099 2784 quoad
1128 2737 1314 2784 partem
1342 2729 1521 2772 similia
1548 2730 1641 2773 illis
1668 2743 1793 2786 quae
1819 2730 2016 2774 fuerunt
2049 2732 2097 2774 in
2128 2732 2343 2776 Ecclesia

485 2787 708 2843 Antiqua
733 2790 795 2842 (n-
819 2799 947 2842 4449,
970 2787 1131 2854 4834[Ρ,
1150 2787 1334 2854 4835]),,
1547 2846 1555 2854 ,
1782 2847 1790 2855 ,
1924 2848 1932 2856 ,

576 2845 717 2888 Ritus
734 2854 1133 2902 repraesentativi
1153 2846 1398 2888 Ecclesiae
1414 2845 1646 2903 judaicae
1661 2847 1872 2903 qualiter
1886 2847 2178 2892 differebant
2194 2862 2223 2892 a
2239 2848 2342 2892 riti-

483 2904 574 2948 bus
598 2905 1024 2960 repraesentativis
1050 2904 1294 2947 Ecclesiae
1317 2904 1566 2960 Antiquae
1593 2907 1658 2959 (n.
1680 2906 1808 2958 4288,
1839 2908 2011 2961 10149).

573 2962 720 3021 Quod
744 2963 949 3006 ecclesia
970 2963 1385 3018 repraesentativa
1405 2964 1535 3019 apud
1561 2963 1690 3006 illam
1714 2972 1911 3020 gentem
1938 2965 2163 3009 instituta
2180 2965 2340 3016 fuerit,

484 3022 569 3067 sed
593 3023 724 3077 quod
750 3022 797 3064 in
818 3022 922 3078 ipsa
943 3030 1092 3078 gente
1115 3021 1247 3063 nulla
1269 3022 1473 3064 ecclesia
1496 3021 1641 3064 fuerit
1666 3023 1731 3077 (n.
1754 3023 1882 3077 4899,
1906 3035 2033 3078 4912,
2062 3025 2212 3079 6304).

573 3078 718 3137 Quod
745 3080 855 3123 ideo
873 3080 1032 3136 quoad
1056 3079 1208 3135 ipsam
1226 3088 1423 3136 gentem
1443 3079 1589 3123 fuerit
1607 3083 2075 3136 repraesentativum
2094 3082 2339 3132 ecclesiae,

484 3146 534 3182 et
551 3152 649 3181 non
668 3139 873 3181 ecclesia
894 3140 957 3192 (n.
975 3138 1103 3190 4281,
1121 3138 1248 3191 4288,
1272 3150 1353 3193 431
1367 3151 1400 3188 1,
1418 3149 1546 3194 4500,
1564 3138 1691 3193 6304,
1713 3140 1838 3192 7048,
1858 3153 1984 3195 9320,
2010 3141 2164 3196 10396,
2188 3141 2339 3197 10526,

488 3196 671 3252 10531[?
702 3198 876 3251 10535]‚
907 3197 1080 3251 10698).

573 3254 719 3312 Quod
742 3269 862 3311 gens
888 3254 1155 3298 Israelitica
1176 3263 1225 3298 et
1249 3254 1455 3312 Judaica
1481 3268 1578 3298 non
1602 3254 1756 3298 616ξὶ3
1779 3255 1936 3307 fuerit,
1956 3258 2041 3301 sed
2066 3266 2261 3314 recepta
2285 3267 2341 3301 ut

484 3314 738 3357 ecclesiam
758 3321 1155 3369 repraesentaret,
1171 3315 1234 3356 ob
1249 3314 1608 3356 contumaciam
1628 3327 1725 3370 qua
1743 3323 1904 3370 patres
1919 3330 2088 3358 eorum
2106 3325 2155 3359 et
2175 3316 2340 3360 Moses

486 3372 770 3415 institerunt
795 3374 859 3423 (n.
883 3384 1011 3426 4290,
1033 3384 1162 3426 4293,
1186 3383 1312 3427 7051,
1339 3383 1463 3427 7439,
1494 3384 1644 3426 10430,
1675 3383 1824 3427 10535,
1859 3374 2031 3428 10632).

573 3429 719 3487 Quod
755 3431 916 3473 cultus
958 3443 1127 3491 eorum
1171 3444 1302 3473 mere
1338 3439 1568 3474 externus
1603 3430 1761 3480 fuerit,
1799 3433 1984 3488 absque
2025 3432 2159 3476 omni
2202 3433 2339 3476 cultu

485 3489 679 3532 interno
704 3490 767 3540 (n.
798 3501 919 3537 1200,
945 3498 1070 3543 3147,
1097 3499 1222 3543 3479,
1242 3489 1390 3542 8871).

573 3546 718 3604 Quod
746 3560 942 3603 prorsus
966 3561 1063 3589 non
1087 3547 1319 3590 sciverint
1343 3547 1532 3590 interna
1554 3547 1727 3596 cultus,
1747 3561 1835 3591 nec
1858 3548 1981 3592 scire
2002 3549 2247 3593 voluerint
2271 3551 2337 3604 (n.

484 3617 702 3660 301-303›
729 3616 853 3659 3479,
881 3617 1009 3659 4429,
1037 3617 1163 3660 4433,
1187 3605 1315 3658 4689,
1333 3605 1461 3658 4844,
1479 3605 1636 3661 4897l?
1658 3606 1805 3661 4847],
1830 3607 1980 3662 Ι9396,
2005 3620 2155 3661 10401.
2185 3618 2336 3662 ¹0407.

488 3663 640 3717 10694,
667 3674 817 3715 10701,
848 3666 1021 3717 10707).

483 3752 502 3774 .
572 3720 838 3779 Quomodo
861 3722 1175 3766 considerant
1199 3721 1388 3767 interna
1410 3722 1582 3772 cultus,
1598 3723 1831 3767 ecclesiae
1853 3731 1903 3767 et
1925 3723 2074 3768 Verbi
2100 3725 2164 3781 (n.
2186 3723 2339 3780 4865).
