2496 4250
2238 3 2245 6 ·
2326 0 2496 74 321193,

493 434 591 489 150
763 467 767 471 .
1023 437 1105 476 DE
1146 435 1320 476 NOVA
1359 437 1821 479 HIEROSOLYMA

574 574 720 633 Quod
741 576 956 619 Verbum
978 591 1075 620 non
1095 578 1191 620 alio
1209 578 1338 635 stylo
1355 579 1596 623 conscribi
1621 580 1851 636 potuerit,
1872 588 1927 623 ut
1946 594 2031 637 per
2054 581 2100 624 id
2125 593 2347 626 commu-

486 634 667 677 nicatio
691 643 739 677 et
761 634 1048 690 conjunctio
1071 650 1182 678 cum
1207 637 1353 679 caelis
1377 646 1506 681 esset
1531 640 1595 693 (n.
1621 639 1747 694 2899,
1771 639 1899 694 6943,
1925 639 2076 694 9481).

575 692 720 750 Quod
754 695 896 736 valde
939 703 1102 737 errent
1140 694 1223 750 qui
1263 695 1480 738 Verbum
1525 705 1726 752 propter
1763 699 1942 754 stylum
1982 697 2254 754 simplicem
2297 706 2347 742 et

484 752 654 793 rudem
689 752 749 794 ad
783 753 1120 807 apparentiam
1144 762 1484 805 contemnunt,
1509 764 1558 798 et
1586 756 1668 812 qui
1699 756 1921 813 cogitant
1943 757 2076 812 quod
2101 757 2344 813 recepturi

483 810 701 852 Verbum
727 810 765 853 si
789 811 886 853 alio
909 811 1038 868 stylo
1061 812 1298 867 scriptum
1323 812 1495 856 fuisset
1520 815 1584 869 (n.
1609 814 1757 869 8783).

572 867 717 925 Quod
751 869 898 911 etiam
934 870 1111 913 modus
1144 871 1387 913 scribendi
1421 880 1470 915 et
1506 873 1660 930 stylus
1694 872 2048 928 antiquissimis
2080 871 2349 930 fuerit'per

483 928 898 982 repraesentativa
921 937 969 970 et
991 929 1318 985 significativa
1339 931 1402 984 (n.
1426 931 1524 985 605,
1554 931 1675 986 1756,
1700 933 1848 986 9942).

571 983 718 1042 Quod
750 986 994 1041 sapientes
1021 988 1209 1044 antiqui
1233 987 1461 1032 delectati
1495 990 1593 1033 sint
1616 990 1793 1039 Verbo,
1817 990 1932 1046 quia
1964 989 2029 1032 ibi
2063 1003 2347 1046 repraesen-

483 1043 584 1086 tiva
608 1052 658 1086 et
681 1045 1007 1101 significativa
1032 1047 1107 1099 (ab
1128 1050 1438 1102 experientia,
1463 1063 1508 1091 n.
1536 1059 1661 1103 2592,
1688 1049 1835 1103 2593).

573 1101 623 1145 Si
667 1103 818 1146 homo
851 1104 1239 1160 Antiquissimae
1281 1106 1525 1150 Ecclesiae
1562 1107 1760 1164 legisset
1783 1107 2014 1156 Verbum,
2039 1107 2173 1164 quod
2217 1107 2346 1151 clare

482 1160 688 1204 vidisset
712 1162 792 1204 illa
814 1176 938 1218 quae
963 1163 1010 1205 in
1034 1177 1180 1207 sensu
1206 1164 1401 1207 interno
1419 1165 1568 1208 Verbi
1592 1174 1720 1214 sunt,
1740 1173 1788 1209 et
1811 1166 2017 1209 obscure
2042 1166 2123 1209 illa
2145 1179 2272 1222 quae
2295 1165 2345 1208 in

483 1233 629 1262 sensu
654 1228 860 1264 externo
887 1223 950 1276 (n.
978 1221 1108 1277 449[?
1131 1224 1302 1278 4493]).

573 1277 719 1336 Quod
749 1279 834 1322 filii
859 1280 1029 1337 Jacobi
1065 1281 1112 1323 in
1147 1281 1347 1324 Terram
1373 1281 1650 1325 Canaanem
1676 1281 1875 1325 deducti
1899 1282 2011 1332 sint,
2035 1283 2151 1339 quia
2182 1283 2231 1326 in
2265 1282 2348 1326 illa

481 1346 610 1379 terra
633 1338 800 1380 omnia
831 1339 938 1381 loca
970 1340 1030 1382 ab
1058 1340 1414 1396 antiquissimis
1441 1342 1746 1397 temporibus
1771 1341 2187 1398 repraesentativa
2218 1339 2348 1385 13613

481 1405 597 1438 sunt
622 1397 687 1451 (n.
718 1398 838 1451 1585,
865 1398 990 1452 3686,
1013 1398 1172 1453 4441[?
1194 1400 1343 1454 4447],
1372 1400 1496 1454 5136,
1521 1400 1670 1455 6516).

573 1455 634 1497 Et
657 1455 725 1498 sic
749 1464 803 1498 ut
821 1456 1039 1499 Verbum
1061 1458 1124 1500 ibi
1149 1458 1551 1508 conscriberetur,
1569 1459 1616 1500 in
1641 1456 1740 1515 quo
1758 1459 1867 1502 loca
1885 1458 2188 1502 nominanda
2205 1467 2346 1502 erant

482 1523 683 1569 propter
705 1528 903 1557 sensum
930 1515 1177 1558 internum
1204 1518 1268 1570 (ii.
1295 1517 1420 1571 3686,
1443 1527 1572 1570 4447,
1600 1518 1723 1572 5136,
1747 1517 1899 1572 6516).
2322 1531 2326 1534 ’

468 1596 470 1599 -
571 1571 666 1615 Sed
691 1574 823 1628 quod
848 1588 1002 1630 usque
1021 1574 1237 1618 Verbum
1261 1576 1423 1631 quoad
1447 1589 1645 1618 sensum
1669 1585 1925 1619 externum
1946 1575 2261 1619 immutatum
2281 1575 2346 1620 sit

481 1639 684 1688 propter
708 1632 837 1674 illam
860 1641 1072 1688 gentem,
1098 1646 1197 1676 non
1220 1642 1386 1677 autem
1409 1635 1571 1690 quoad
1596 1648 1795 1678 sensum
1822 1634 2070 1677 internum
2097 1636 2162 1690 (n.
2190 1644 2344 1691 10453,

485 1691 638 1742 10461,
668 1691 822 1746 10603,
852 1692 1025 1745 10604).

570 1807 641 1850 Ut
673 1808 857 1851 sciatur
878 1809 994 1865 quid
1029 1816 1144 1852 sunt
1177 1816 1226 1852 et
1258 1809 1426 1866 quales
1458 1817 1574 1852 sunt
1607 1810 2075 1866 correspondentiae
2107 1817 2157 1853 et
2183 1809 2347 1867 qualia

480 1882 595 1917 sunt
630 1876 1046 1930 repraesentativa
1083 1875 1131 1918 in
1167 1875 1346 1926 Verbo,
1381 1876 1493 1920 ideo
1530 1877 1716 1933 aliquid
1755 1877 1816 1920 de
1854 1877 1948 1920 illis
1980 1890 2178 1934 quoque
2214 1876 2346 1926 dice-

479 1950 647 1984 tur:—

570 2024 716 2082 Quod
751 2025 918 2068 omnia
958 2038 1083 2082 quae
1115 2026 1503 2082 correspondent
1541 2026 1690 2069 etiam
1728 2034 2109 2082 repraesentent,
2142 2035 2193 2070 et
2230 2025 2346 2070 inde

480 2083 773 2140 significent,
801 2085 870 2126 sic
902 2094 957 2126 ut
989 2085 1455 2140 correspondentiae
1482 2093 1531 2128 et
1554 2085 2028 2141 repraesentationes
2061 2099 2211 2127 unum
2245 2084 2345 2128 sint

484 2143 547 2194 (n.
574 2141 729 2197 2890[?
755 2143 900 2197 2896],
927 2143 1050 2197 2897,
1073 2142 1228 2198 2971[?
1253 2144 1399 2199 2973l‚
1425 2144 1551 2199 2987,
1578 2143 1703 2210 2989,
1730 2157 1855 2199 2999,
1881 2156 2008 2198 3992,
2033 2143 2181 2199 3225)-

571 2200 701 2259 Quid
729 2202 1196 2257 correspondentiae
1223 2210 1273 2244 et
1297 2210 1772 2258 repraesentationes
1803 2203 1878 2258 (ab
1900 2203 2199 2258 experientia
2221 2206 2268 2244 et
2286 2201 2346 2245 ab

471 2260 716 2315 exemplis,
745 2275 789 2303 n.
819 2259 975 2315 27o3[?
999 2260 1146 2315 2763]‚
1173 2260 1445 2316 2987-3002‚
1471 2261 1744 2316 3213-3226,
1770 2271 2043 2316 3337-3352,
2069 2260 2343 2316 3472-3485,

479 2319 757 2371 4218-4228,
782 2319 930 2373 9280).
2319 2346 2322 2347 ⁷

571 2376 717 2434 Quod
753 2378 957 2420 scientia
988 2377 1535 2433 correspondentiarum
1570 2386 1619 2421 et
1653 2377 2161 2434 repraesentationum
2194 2375 2344 2420 fuerit

482 2436 742 2491 praecipua
775 2436 980 2478 scientia
1012 2437 1141 2491 apud
1185 2437 1416 2492 antiquos
1453 2438 1516 2491 (n.
1546 2449 1672 2491 3021,
1702 2448 1828 2492 3419,
1855 2437 1984 2490 4280,
2010 2435 2170 2491 4749[?
2191 2435 2342 2491 4748]‚

479 2494 608 2547 4844,
632 2495 759 2560 4964,
782 2494 941 2561 49651->
964 2494 1111 2561 49661,
1135 2495 1263 2548 6994,
1289 2506 1415 2549 7729,
1445 2496 1619 2550 19252),
2373 2503 2379 2524 ⁸

572 2553 818 2609 Imprimis
851 2554 982 2609 apud
1020 2554 1283 2597 orientales
1321 2555 1385 2609 (n.
1417 2564 1544 2609 5702,
1571 2554 1699 2609 6692,
1725 2564 1851 2608 7097,
1877 2564 2004 2608 7779,
2032 2565 2159 2608 9391,
2188 2562 2341 2608 10252,

487 2613 659 2666 10407).

570 2668 716 2727 Quod
743 2670 789 2712 in
815 2670 1045 2727 Aegypto
1070 2684 1182 2726 prae
1206 2670 1312 2713 aliis
1340 2671 1403 2724 (n.
1431 2680 1554 2725 5702,
1574 2671 1701 2725 6692,
1722 2681 1847 2724 7097,
1873 2681 1999 2725 7779,
2019 2682 2146 2724 9391,
2169 2670 2342 2723 10407).

571 2717 718 2785 Quod
745 2729 891 2771 etiam
916 2729 1046 2784 apud
1069 2730 1292 2785 gentiles,
1309 2738 1363 2771 ut
1387 2729 1434 2771 in
1459 2729 1663 2772 Graecia
1686 2739 1736 2772 et
1758 2730 1871 2771 alibi
1898 2731 1963 2783 (n.
1989 2728 2115 2780 2762,
2139 2729 2288 2782 7729).

571 2788 665 2830 Sed
691 2789 823 2843 quod
848 2787 995 2830 hodie
1021 2788 1146 2830 inter
1163 2788 1391 2830 scientias
1414 2788 1695 2843 deperditas
1718 2787 1795 2834 sit,
1817 2787 2053 2843 imprimis
2078 2786 2125 2828 in
2147 2786 2344 2842 Europa

485 2848 549 2897 (η,
575 2846 701 2900 2894,
727 2846 852 2900 2895,
879 2858 1005 2912 2994,
1032 2847 1158 2912 3639,
1185 2846 1310 2912 3632,
1335 2856 1606 2901 3747-3749,
1629 2846 1758 2913 4581,
1781 2847 1909 2912 4966,
1940 2846 2112 2912 19252),
2246 2903 2253 2911 ,

571 2904 717 2962 Quod
756 2919 910 2960 usque
950 2905 1031 2947 illa
1068 2913 1273 2947 scientia
1311 2913 1527 2960 praestet
1569 2905 1798 2947 omnibus
1836 2913 2067 2951 scientiis,
2104 2917 2339 2960 quoniam

471 2964 666 3018 absque
690 2964 770 3006 1113
793 2977 890 3006 11011
916 2963 1207 3020 intelligitur
1225 2963 1455 3012 Verbum,
1475 2976 1563 3006 nec
1586 2963 1703 3019 quid
1728 2963 2007 3019 significant
2031 2962 2152 3006 ritus
2179 2962 2343 3005 Eccle-

482 3022 582 3064 siae
603 3021 836 3079 Judaicae
860 3022 920 3064 de
945 3022 1123 3078 quibus
1149 3022 1195 3063 in
1220 3021 1398 3071 Verbo,
1423 3035 1512 3064 nec
1538 3022 1691 3064 scitur
1712 3022 1854 3078 quale
1878 3021 2083 3070 caelum,
2107 3033 2197 3063 nee
2222 3020 2341 3077 quid

481 3081 746 3136 spirituale,
772 3094 861 3123 nec
894 3081 1145 3137 quomodo
1168 3094 1219 3123 se
1244 3081 1392 3123 habet
1415 3093 1525 3123 cum
1551 3081 1736 3122 influxu
1763 3080 2004 3136 spirituali
2031 3079 2079 3122 in
2107 3079 2342 3129 naturale,

481 3148 532 3182 et
555 3140 694 3195 plura
717 3139 810 3181 alia
837 3141 899 3193 (n.
923 3139 1051 3191 4280,
1075 3147 1124 3181 et
1148 3139 1195 3180 in
1220 3139 1339 3182 locis
1362 3152 1509 3195 supra
1530 3139 1727 3192 citatis).

570 3196 717 3254 Quod
742 3198 908 3240 omnia
930 3211 1055 3253 quae
1077 3198 1207 3252 apud
1231 3197 1434 3254 angelos
1457 3197 1507 3240 et
1529 3196 1728 3253 spiritus
1752 3205 2004 3252 apparent,
2028 3196 2127 3240 sint
2150 3209 2343 3252 reprae-

482 3256 726 3299 sentativa
758 3257 1026 3299 secundum
1066 3256 1528 3311 correspondentias
1561 3255 1732 3298 talium
1771 3269 1896 3311 quae
1934 3263 2048 3298 sunt
2080 3255 2261 3298 amoris
2292 3262 2343 3298 et

482 3314 615 3425 fidei)
643 3315 707 3369 (n·
747 3325 868 3369 1971,
898 3315 1172 3369 3213—3226‚
1213 3313 1370 3370 3457l?
1398 3315 1543 3370 33491,
1579 3324 1704 3368 3475,
1740 3314 1865 3369 3485,
1891 3314 2017 3369 9481,
2051 3324 2179 3369 9574,
2213 3313 2342 3369 9576.

481 3385 506 3411 c
542 3384 594 3425 77
623 3407 630 3415 -

473 3384 535 3474 ‚A
570 3431 717 3487 Quod
742 3431 862 3473 caeli
886 3431 983 3474 sint
1007 3431 1136 3487 pleni
1164 3430 1592 3486 repraesentativis
1618 3431 1683 3484 (n.
1711 3440 1832 3484 1521,
1858 3441 1980 3485 1532,
2010 3430 2154 3484 1619).

570 3488 716 3545 Quod
752 3490 1166 3545 repraesentativa
1198 3502 1258 3532 eo
1291 3489 1570 3545 pulchriora
1596 3497 1645 3532 et
1679 3487 1970 3544 perfeeliora
1992 3489 2218 3537 existant,
2241 3500 2342 3544 quo

483 3546 688 3590 interius
714 3547 761 3589 in
785 3548 930 3590 caelis
956 3550 1020 3602 (n.
1047 3550 1194 3602 3475).

571 3604 717 3660 Quod
757 3607 1170 3662 repraesentativa
1210 3605 1274 3648 ibi
1313 3606 1411 3649 sint
1453 3605 1768 3661 apparentiae
1812 3606 1979 3654 reales,
2008 3605 2123 3661 quia
2164 3618 2193 3648 a
2228 3604 2339 3648 luce

481 3663 615 3712 caeli,
641 3677 765 3719 quae
789 3673 863 3707 est
889 3664 1122 3706 Divinum
1142 3664 1351 3715 Verum;
1379 3672 1428 3707 et
1452 3664 1547 3708 hoc
1569 3672 1644 3707 est
1668 3664 1826 3720 ipsum
1847 3664 2104 3709 essentiale
2126 3663 2340 3707 existen-

482 3721 579 3764 tiae
603 3722 822 3764 omnium
850 3724 913 3777 (n.
939 3722 1087 3778 3485).
