2496 4250
840 411 924 452 DE
956 410 1182 452 DIVINA
1222 409 1588 450 TRINITATE.
2084 409 2142 463 55

288 549 526 603 Sanctus
567 551 879 618 procedens
925 568 957 601 a
982 551 1127 601 'Deo
1168 550 1333 601 Patre
1374 567 1471 616 per
1505 548 1708 600 Filium
1761 549 1831 599 ab
1876 549 2147 599 aeterno?

286 639 344 682 et
391 630 674 697 quomodo
711 631 897 695 potuit
945 629 1249 695 procedere
1290 637 1348 679 et
1391 628 1505 678 fieri
1550 628 1703 678 Deus
1740 645 1838 694 per
1885 626 2003 678 Se?
2049 637 2147 677 aut

286 708 570 774 quomodo
617 708 800 774 potuit
848 723 1089 772 persona
1134 708 1369 772 gignere
1415 723 1714 772 personam
1759 706 1831 755 ab
1877 706 2148 756 aeterno?

287 794 344 837 et
378 794 612 852 utraque
645 785 954 851 producere
987 785 1324 850 personam?
1393 784 1575 834 Estne
1604 801 1844 850 persona
1871 784 2148 850 persona?

289 863 592 930 Quomodo
632 871 869 930 possunt
916 871 1031 912 tres
1073 863 1369 922 Personae,
1405 879 1637 929 quarum
1679 863 2019 929 unaquaevis
2059 870 2148 912 est

289 944 460 1003 DeuS,
496 941 761 1007 conjungi
794 942 847 991 in
882 957 1051 990 unum
1087 941 1289 1000 Deum,
1324 941 1490 991 aliter
1521 958 1688 1007 quam
1729 942 1783 990 in
1818 957 1984 990 unam
2019 941 2148 990 Per-

288 1021 522 1072 sonam?
564 1029 622 1071 et
650 1020 756 1070 hoc
786 1028 981 1070 tamen
1010 1027 1096 1070 est
1126 1027 1327 1069 contra
1355 1019 1742 1085 theologiam;
1785 1019 1922 1069 illud
1957 1026 2148 1069 autem

288 1116 415 1151 cum
466 1099 578 1150 illa.
671 1097 974 1164 Quomodo
1026 1105 1220 1163 potest
1273 1097 1554 1147 Divinitas
1607 1098 1876 1162 distingui
1928 1098 1982 1147 in
2034 1104 2150 1146 tres

290 1179 580 1239 PersonaS,
605 1185 664 1229 et
692 1186 885 1228 tamen
914 1193 1028 1226 non
1058 1177 1112 1226 in
1142 1184 1258 1226 tres
1288 1175 1460 1236 Deos,
1486 1192 1611 1226 cum
1643 1184 1834 1226 tamen
1863 1192 2147 1241 unaquae-

288 1260 370 1310 vis
404 1259 648 1309 Persona
681 1264 767 1308 est
809 1255 1004 1306 Deus?
1081 1253 1386 1321 Quomodo
1419 1263 1612 1321 potest
1647 1255 1850 1305 Divina
1883 1255 2148 1312 essentia,

288 1355 430 1405 quae
453 1345 539 1387 est
563 1353 688 1395 una,
713 1335 930 1395 eadem,
955 1341 1012 1384 et
1042 1334 1344 1393 individua,
1371 1333 1573 1384 cadere
1602 1334 1656 1383 in
1686 1349 1995 1392 numerum,
2022 1349 2150 1398 pro-

231 1478 234 1480 ,
289 1416 418 1467 inde
463 1414 552 1466 vel
599 1414 770 1464 dividi
820 1412 909 1463 vel
957 1412 1353 1479 multiplicari?
1413 1419 1470 1462 et
1519 1412 1805 1478 quomodo
1845 1419 2150 1478 potuerunt

218 1506 219 1509 ’
290 1504 405 1545 tres
452 1493 691 1544 Divinae
738 1492 1017 1542 Personae
1065 1508 1175 1541 una
1221 1508 1345 1541 esse
1398 1498 1455 1540 et
1503 1490 1755 1540 conferre
1800 1491 2049 1539 rationes
2097 1491 2151 1539 in

290 1580 680 1624 non-extenso
732 1572 917 1638 spatii,
971 1571 1136 1636 quale
1193 1570 1293 1620 fuit
1347 1578 1480 1620 ante
1534 1570 1804 1619 mundum
1857 1569 2151 1619 creatum?

291 1651 593 1718 Quomodo
621 1668 653 1700 a
682 1649 940 1716 Jehovah
972 1649 1113 1709 Deo,
1146 1650 1237 1716 qui
1266 1665 1423 1709 unus,
1456 1656 1513 1698 et
1544 1648 1673 1698 inde
1704 1647 1856 1697 solus
1886 1646 2149 1703 infinituS,

289 1732 612 1789 immenSUS,
654 1736 935 1788 aeternuS,
978 1728 1357 1793 omnipotenS,
1400 1734 1707 1793 potuerunt
1760 1726 1990 1792 produci
2036 1734 2153 1775 tres

293 1808 406 1874 Ipsi
428 1805 738 1874 [¹¹aequales
761 1806 779 1856 ?
845 1805 1148 1871 Quomodo
1178 1813 1369 1872 potest
1389 1805 1608 1870 concipi
1638 1804 1860 1854 trinitas
1884 1821 2151 1869 persona-

289 1902 409 1936 rum
428 1887 483 1936 in
505 1886 746 1937 Unitate
771 1885 893 1945 Dei,
915 1901 978 1934 ac
1005 1885 1211 1935 Unitas
1235 1884 1341 1934 Dei
1363 1885 1418 1933 in
1441 1885 1697 1934 trinitate
1722 1899 2084 1948 personarum
2106 1883 2153 1931 ?'’

293 1965 521 2015 Praeter
559 1964 708 2031 quod
748 1964 873 2014 idea
912 1963 1252 2029 pluralitatis
1292 1964 1548 2013 destruat
1589 1963 1774 2012 ideam
1808 1963 2057 2021 unitatiS,
2095 1971 2153 2012 et

290 2043 551 2093 vicissim.
630 2042 804 2092 Forte
844 2043 1016 2092 etiam
1058 2043 1407 2106 cogitaretur
1439 2041 1588 2107 quod
1622 2042 1667 2090 si
1699 2040 1806 2090 hoc
1842 2039 2037 2090 dabile‘
2061 2041 2149 2097 sit,

291 2116 676 2173 etiamdabile
708 2120 901 2171 fuisset
936 2120 1166 2172 Graecis
1195 2128 1252 2170 et
1288 2120 1562 2170 Romanis
1590 2136 1788 2169 omnes
1817 2136 1946 2169 suos
1978 2119 2149 2175 Deos,

291 2201 381 2268 qui
415 2199 594 2260 multi,
619 2217 716 2266 per
743 2198 923 2250 solam
957 2199 1319 2249 identitatem
1348 2199 1646 2258 essentiae,
1677 2199 1732 2247 in
1765 2214 1934 2247 unum
1969 2197 2151 2247 Deum

291 2280 672 2346 compingere.

398 2371 444 2422 3.
498 2357 661 2407 Mens
693 2356 983 2407 rationalis
1016 2357 1070 2406 in
1098 2356 1382 2407 volvendo
1411 2363 1468 2406 et
1502 2355 1782 2406 versando
1811 2355 2151 2405 Trinitatem

292 2437 659 2488 Personarum
692 2436 745 2485 in
771 2435 1085 2485 Divinitate
1116 2435 1187 2485 ab
1219 2443 1472 2495 aetern0,
1504 2435 1783 2500 potuisset
1812 2434 1983 2484 etiam
2013 2450 2151 2499 pen-

292 2517 480 2576 sitare,
516 2515 603 2565 cui
638 2531 766 2563 usus
799 2513 899 2563 fuit
933 2514 1082 2580 quod
1116 2522 1249 2564 ante
1283 2514 1553 2562 mundum
1582 2520 1834 2562 creatum
1876 2519 2041 2561 natus
2082 2513 2153 2561 sit

293 2593 484 2655 Filius,
513 2600 571 2644 et
599 2593 750 2659 quod
782 2609 814 2642 a
849 2593 1013 2642 Patre
1046 2609 1143 2658 per
1177 2591 1378 2641 Filium
1419 2591 1659 2641 exiverit
1701 2589 1936 2656 Spiritus
1977 2589 2151 2640 Sanc-

292 2681 399 2724 tus.
467 2671 663 2722 “Num
687 2671 786 2721 fuit
816 2688 944 2720 usus
969 2679 1028 2720 ut
1058 2679 1172 2720 tres
1201 2669 1546 2735 [conferrent
1570 2668 1841 2735 rationes]
1868 2668 2153 2734 quomodo

293 2757 576 2802 crearetur
608 2750 944 2809 universum,
981 2757 1038 2799 et
1073 2749 1222 2815 quod
1263 2749 1339 2797 sic
1375 2756 1490 2798 tres
1522 2747 1658 2797 illud
1693 2747 1987 2797 crearent?
2027 2763 2151 2796 cum

293 2837 487 2880 tamen
526 2830 845 2878 universum
897 2845 928 2877 a
981 2827 1105 2877 Deo
1152 2844 1263 2876 uno
1311 2835 1562 2877 creatum
1616 2834 1734 2876 est:
1792 2842 1893 2875 nec
1941 2825 2040 2875 suit
2093 2834 2153 2874 ut

296 2907 467 2958 Filius
522 2908 841 2966 redimeret,
897 2922 1023 2956 cum
1080 2914 1273 2956 tamen
1321 2905 1637 2970 redemptio
1688 2902 1834 2954 fa5ta
1884 2912 1970 2953 est
2023 2912 2152 2969 post

295 2986 562 3036 mundum
603 2992 856 3035 creatum
897 2985 949 3034 in
998 2984 1346 3049 plenitudine
1386 2983 1688 3048 temporis:
1747 2999 1847 3031 nec
1901 2979 2044 3030 [²1fuit
2094 2990 2154 3030 ut

298 3062 535 3130 Spiritus
564 3061 802 3114 Sanetus
825 3061 1220 3122 sanctificaret,
1239 3063 1367 3128 quia
1395 3061 1642 3111 nondum
1672 3060 1843 3110 homo
1872 3061 1962 3125 qui
1990 3077 2152 3110 sanc—

296 3140 609 3192 tificandus,
695 3141 751 3192 Si
791 3158 927 3207 ergo
973 3140 1051 3190 illi
1098 3158 1226 3190 usus
1272 3141 1491 3190 fuerunt
1538 3140 1592 3188 in
1644 3139 1770 3188 idea
1817 3138 1938 3198 Dei,
1982 3155 2154 3204 usque

295 3219 391 3270 illa
423 3237 535 3270 non
568 3228 701 3271 ante
743 3220 1029 3280 mundum,
1061 3219 1160 3269 sed
1201 3227 1330 3284 post
1371 3218 1544 3277 illum,
1580 3215 1874 3267 actualiter
1907 3218 2150 3266 exstitit.

298 3299 390 3349 Ex
418 3316 527 3365 quo
561 3300 808 3365 sequitur
842 3299 991 3364 quod
1019 3298 1267 3348 Trinitas
1295 3298 1365 3347 ab
1393 3305 1625 3346 aeterno
1654 3313 1766 3346 non
1799 3296 1961 3345 fuerit
1989 3295 2154 3345 realis

297 3377 563 3437 Trinitas,
594 3378 692 3427 sed
726 3377 955 3439 idealis;
997 3384 1054 3426 et
1089 3376 1211 3442 plus
1244 3376 1427 3425 adhuc
1463 3375 1710 3424 Trinitas
1740 3373 2154 3422 Personarum.'’

392 3469 442 3518 4.
496 3454 634 3520 Quis
667 3457 722 3505 in
755 3455 994 3506 ecclesia
1027 3462 1236 3520 potest,
1267 3455 1322 3503 in
1352 3453 1597 3518 legendo
1627 3451 1938 3517 Symbolum
1965 3451 2151 3500 Atlza-

298 3534 459 3594 nasii,
514 3534 830 3599 intelligere
883 3534 990 3583 hoc
1011 3533 1254 3599 ?—quod
1307 3550 1380 3582 ex
1426 3533 1664 3581 veritate
1713 3530 2030 3580 Christiana
2080 3532 2152 3580 sit

298 3613 445 3678 quod
492 3613 831 3678 unaquaevis
880 3612 1125 3661 Persona
1177 3609 1505 3675 singulatim
1558 3610 1628 3658 sit
1678 3609 1848 3668 DeUS,
1898 3616 1956 3658 et
2003 3609 2151 3674 quod

299 3698 491 3741 tamen
533 3707 645 3741 non
696 3690 863 3740 liceat
906 3707 979 3740 ex
1033 3688 1331 3740 Catholica
1371 3688 1642 3754 religione
1694 3703 1984 3737 numerare
2035 3695 2150 3737 tres
