2496 4250
557 440 637 480 ET
677 439 816 494 EJUS
854 439 1184 480 DOCTRINA
1223 441 1679 482 CAELEST1.—N.
1715 430 1832 481 261.
2027 445 2128 497 149

354 579 727 637 Repraesentati
762 579 810 622 in
829 579 994 635 ‘altera
1014 579 1117 622 vita
1144 580 1209 622 illi
1238 581 1321 637 qui
1350 581 1508 623 solum
1536 594 1733 624 sensum
1762 581 1953 624 litterae
1976 581 2127 624 Verbi

262 639 437 683 volunt
451 648 501 683 et
518 647 807 696 agnoscunt,
825 652 911 694 per
923 639 1139 681 vetulam
1157 639 1427 682 deformem
1445 655 1454 690 ;
1480 640 1564 695 qui
1582 648 1746 683 autem
1765 640 1909 683 simul
1928 653 2127 683 sensum

263 698 525 748 internum,
552 711 636 753 per
657 697 897 754 virginem
922 698 1099 740 decore
1122 697 1350 740 amictam
1379 700 1442 752 (n.
1473 698 1616 751 1774).

351 755 497 814 Quod
517 755 734 799 Verbum
760 756 808 798 in
832 764 943 798 toto
966 757 1224 811 complexu
1251 758 1314 799 sit
1338 756 1500 813 imago
1522 756 1657 807 caeli,
1681 756 1795 812 quia
1810 756 2027 800 Verbum
2051 765 2127 799 est

263 813 497 858 Divinum
525 814 723 864 Verum,
747 827 802 857 ac
838 813 1074 856 Divinum
1103 814 1286 857 Verum
1322 814 1439 858 facit
1465 815 1678 865 caelum;
1716 824 1764 857 et
1797 815 1911 871 quia
1936 815 2126 858 caelum

261 873 407 917 refert
431 887 582 915 unum
607 873 874 922 hominem,
898 873 1032 929 quod
1057 872 1274 916 Verbum
1305 873 1367 916 sit
1396 873 1444 915 in
1472 887 1532 916 eo
1559 872 1783 929 respeftu
1808 874 1935 916 sicut
1962 874 2126 931 imago

261 931 475 975 hominis
501 934 565 987 (n.
595 931 738 986 1871).

351 989 518 1048 (Quod
541 990 731 1034 caelum
757 989 805 1032 in
829 1003 930 1032 uno
952 990 1213 1046 complexu
1239 990 1417 1033 referat
1441 1004 1593 1032 unum
1614 989 1881 1039 hominem,
1899 990 2128 1034 videatur

260 1048 310 1092 in
334 1062 482 1105 opere
499 1050 575 1091 De
594 1049 728 1092 Caelo
749 1053 794 1091 et
813 1049 1028 1106 Inferna,
1053 1063 1098 1090 n.
1121 1049 1259 1103 59—67
1278 1062 1286 1091 ι
1319 1057 1368 1091 et
1390 1049 1524 1105 quod
1551 1049 1785 1092 Divinum
1805 1049 1988 1091 Verum
2014 1062 2126 1105 pro-

259 1108 440 1151 cedens
463 1121 491 1150 a
516 1107 734 1150 Domino
756 1106 904 1150 faciat
925 1107 1130 1156 caelum,
1156 1122 1200 1150 n,
1229 1107 1440 1159 126-140,
1462 1109 1695 1161 200-212.)

346 1165 493 1224 Quod
517 1164 734 1210 Verbum
760 1166 963 1222 pulchre
985 1174 1034 1209 et
1056 1179 1264 1209 amoene
1288 1166 1491 1209 sistatur
1512 1179 1677 1209 coram
1697 1165 1886 1223 angelis
1906 1167 1971 1221 (n.
2000 1166 2124 1220 1767,

263 1225 408 1279 1768).

346 1281 494 1341 Quod
518 1297 691 1327 sensus
714 1283 906 1326 litterae
923 1283 988 1327 sit
1010 1284 1150 1340 quasi
1174 1297 1366 1340 corpus,
1391 1291 1440 1326 et
1462 1283 1596 1339 quod
1621 1296 1793 1327 sensus
1818 1283 2038 1326 internus
2060 1283 2139 1327 sit.

255 1343 395 1400 quasi
418 1342 583 1385 anima
608 1342 736 1385 illius
758 1342 978 1398 corporis
1005 1345 1069 1397 (n.
1095 1342 1243 1397 8943).

345 1399 493 1458 Quod
518 1401 632 1444 inde
654 1401 758 1444 vita
779 1401 945 1444 Verbo
967 1401 1032 1444 sit
1055 1415 1114 1444 ex
1137 1415 1283 1444 sensu
1308 1402 1503 1443 interno
1528 1401 1594 1456 (n.
1623 1411 1745 1455 1405,
1768 1400 1920 1455 4857).

345 1459 492 1517 Quod
517 1459 737 1503 Verbum
765 1460 829 1503 sit
852 1474 1028 1516 purum
1054 1459 1101 1502 in
1131 1473 1276 1503 sensu
1303 1460 1511 1509 interno,
1530 1469 1580 1502 et
1602 1460 1735 1516 quod
1761 1459 1830 1502 ita
1853 1473 1952 1502 non
1975 1472 2126 1515 appa-

257 1529 361 1563 oeat
385 1518 432 1560 in
456 1533 602 1562 sensu
626 1518 819 1561 litterae
845 1521 909 1573 (n.
935 1519 1061 1573 2362,
1088 1518 1244 1574 2396[?
1270 1518 1440 1574 2395]).

344 1575 490 1635 Quod
520 1577 602 1620 illa
623 1591 749 1633 quae
778 1577 825 1620 in
853 1591 1000 1621 sensu
1025 1577 1218 1620 litterae
1242 1577 1392 1620 Verbi
1416 1585 1545 1626 sunt,
1568 1574 1738 1620 sanita
1763 1577 1863 1620 sint
1889 1577 1950 1619 ab
1977 1575 2126 1620 inter-

255 1636 331 1680 nis
355 1639 420 1690 (n.
449 1636 601 1686 10126,
629 1636 803 1691 10728).

343 1751 490 1810 Quod
526 1752 574 1795 in
608 1752 858 1796 historicis
881 1753 1033 1796 Verbi
1056 1753 1203 1796 etiam
1238 1753 1302 1796 sit
1334 1767 1507 1796 sensus
1531 1752 1765 1801 internus,
1789 1752 1876 1795 sed
1910 1751 2042 1795 intus
2074 1751 2125 1795 in

254 1811 845 1926 sshSIqullggghlistorica
870 1870 1020 1913 Verbi
1047 1884 1201 1926 aeque
1229 1883 1284 1913 ac
1319 1870 1609 1926 prophetica
1634 1869 1924 1912 contineant
1945 1882 2125 1913 arcana

252 1929 375 1973 caeli
402 1930 466 1984 (n.
491 1939 589 1984 755,
620 1930 742 1984 1659,
771 1940 894 1984 1709,
919 1942 1046 1984 2310,
1071 1930 1220 1984 2333).

341 1986 489 2046 Quod
531 1988 693 2045 angeli
728 2002 827 2031 non
862 1987 1095 2031 historice
1138 1987 1410 2044 percipiant
1454 1987 1546 2037 illa,
1579 1987 1667 2030 sed
1704 1986 2027 2043 spiritualiter
2057 1987 2122 2042 (n.

251 2045 489 2163 688811οᾱ
526 2118 705 2148 arcana
742 2105 989 2155 interiora,
1022 2118 1148 2162 quae
1187 2105 1235 2147 in
1275 2105 1523 2148 historICis
1560 2112 1691 2156 sunt,
1724 2104 1886 2148 minus
1919 2111 2123 2161 pateant

252 2163 442 2207 homini
465 2178 613 2221 quarn
638 2164 685 2206 in
711 2164 1026 2220 propheticis,
1051 2177 1198 2207 causa
1225 2166 1287 2218 (n.
1309 2164 1435 2216 2176,
1459 2163 1610 2219 6597).

341 2280 497 2324 Porro
523 2281 681 2337 qualis
708 2294 880 2324 sensus
905 2270 1126 2324 internus
1150 2280 1299 2324 Verbi
1328 2283 1590 2334 (ostensum,
1614 2294 1660 2324 n.
1689 2280 1812 2336 1756,
1842 2280 1965 2336 1984,
1991 2291 2120 2334 2004,

253 2339 379 2395 2663,
405 2350 532 2395 3035,
557 2339 684 2394 7089,
714 2340 866 2392 10604,
895 2340 1068 2393 10614).

341 2397 644 2442 Illustratum
670 2412 756 2454 per
777 2398 1172 2454 comparationes
1199 2399 1263 2453 (n.
1293 2397 1438 2452 1873).

249 2566 392 2612 261.
438 2567 579 2623 Quod
612 2566 811 2609 Verbum
838 2568 1156 2622 conscrzptutrz
1182 2568 1247 2608 sit
1268 2569 1362 2622 per
1391 2566 1850 2621 Correspondentz‘as,
1877 2570 1923 2608 et
1944 2567 2013 2609 sic
2026 2572 2123 2622 per

544 2626 988 2681 Repraesentativa.

340 2733 487 2792 Quod
511 2735 730 2778 Verbum
758 2735 923 2791 quoad
951 2749 1150 2778 sensum
1175 2734 1370 2777 litterae
1396 2734 1730 2793 conscriptum
1758 2734 1822 2778 sit
1850 2749 1936 2791 per
1963 2748 2120 2779 meras

249 2793 725 2850 correspondentias,
746 2794 814 2836 ita
836 2807 923 2849 per
939 2794 1059 2836 talia
1076 2807 1201 2849 quae
1220 2801 1594 2848 repraesentant
1611 2802 1661 2836 et
1683 2793 1963 2850 significant
1979 2794 2121 2850 spiri-

248 2852 412 2902 tualia,
445 2866 570 2909 quae
602 2861 719 2896 sunt
750 2852 871 2895 caeli
904 2860 953 2895 et
985 2852 1219 2895 ecclesiae
1258 2856 1320 2905 (n.
1360 2862 1482 2904 1404,
1521 2852 1644 2905 1408,
1683 2865 1805 2908 1409,
1840 2862 1963 2908 1540,
1994 2852 2119 2908 1619,

254 2910 379 2966 1659,
407 2921 530 2966 1709,
559 2911 682 2966 1783,
708 2921 835 2965 2179,
862 2911 988 2977 2763,
1016 2911 1164 2965 2899).
1443 2968 1451 2975 ·
1731 2969 1739 2978 ι
1844 2969 1852 2977 ·
1983 2969 1992 2978 .

339 2968 487 3027 Quod
526 2970 621 3013 hoc
653 2968 838 3013 facturn
872 2978 936 3012 S1t
972 2978 1173 3026 propter
1205 2979 1404 3013 sensum
1441 2976 1688 3012 mternum
1728 2984 1777 3011 1n
1815 2970 2020 3026 smgulls
2053 2971 2119 3026 (n.

251 3027 306 3071 28
391 3062 400 3072 .

308 3029 415 3130 9321
447 3095 649 3144 propter
675 3086 879 3136 caelum,
905 3086 1138 3143 quoniam
1175 3087 1241 3129 illi
1276 3086 1358 3142 qui
1388 3086 1435 3128 in
1463 3087 1601 3130 caelo
1632 3094 1747 3130 sunt
1769 3086 1988 3129 Verbum
2017 3100 2118 3130 non

250 3144 534 3202 intelligunt
556 3147 830 3189 secundum
853 3159 1052 3188 sensum
1077 3146 1269 3188 litterae
1293 3146 1413 3201 ejus,
1437 3145 1521 3200 qui
1554 3145 1803 3195 naturalis,
1827 3146 1912 3188 sed
1945 3159 2119 3188 secun-

248 3204 368 3247 dum
391 3218 590 3248 sensum
615 3205 877 3253 internum,
902 3204 987 3260 qui
1011 3204 1278 3259 spiritualis
1306 3206 1370 3258 (n.
1395 3203 1544 3258 2899).

340 3261 488 3320 Quod
517 3263 760 3306 Dominus
784 3263 978 3305 locutus
1005 3263 1069 3305 sit
1098 3276 1183 3318 per
1204 3262 1678 3316 correspondentias,
1703 3261 2120 3317 repraesentativa

248 3329 299 3364 et
330 3321 667 3421 si8gnificativa‚
701 3322 818 3378 quia
859 3335 888 3363 a
931 3320 1115 3364 Divino
1150 3323 1215 3376 (n.
1260 3319 1418 3375 9049[?
1450 3320 1598 3375 9048]‚
1632 3321 1760 3376 9063,
1796 3320 1924 3375 9086,
1962 3322 2116 3372 10126,

253 3390 363 3432 1072
395 3381 429 3430 ).
1015 3403 1019 3408 ·

338 3436 484 3495 Quod
514 3437 758 3482 Dominus
785 3438 854 3482 sic
887 3438 1081 3481 locutus
1108 3438 1171 3481 sit
1198 3451 1361 3481 coram
1391 3438 1578 3480 mundo
1610 3444 1659 3480 et
1690 3450 1857 3480 coram
1884 3437 2020 3480 caelo
2050 3439 2116 3493 (n.

249 3506 377 3551 2533,
399 3496 710 3563 4807‚,9049[?
733 3498 880 3551 9048]‚
904 3496 1031 3563 9963»
1051 3497 1200 3551 9086)-
1480 3554 1488 3563 ,
1717 3553 1725 3562 ,
1904 3553 1912 3562 ,

333 3553 484 3612 *Quod
529 3555 610 3598 1lla
651 3569 776 3611 quae
822 3555 1067 3598 Dominus
1112 3555 1307 3598 locutus
1350 3563 1437 3604 est,
1478 3554 1787 3610 lmplevermt
1829 3567 2114 3597 universum

248 3613 438 3656 caelum
467 3614 531 3666 (n.
553 3614 703 3668 4637).

339 3670 487 3728 Quod
511 3671 746 3715 historica
762 3671 910 3715 Verbi
929 3672 1027 3715 sint
1051 3672 1490 3728 repraesentativa;
1516 3671 1678 3722 verba,
1697 3670 2022 3728 significativa
2046 3671 2113 3727 (n.

255 3738 378 3785 1540,
407 3729 528 3785 1659,
558 3740 680 3786 1709,
709 3730 832 3785 1783,
857 3730 1014 3786 2687[?
1039 3731 1209 3785 2686]).
