2496 4250
500 431 596 482 126
1024 443 1107 483 DE
1146 441 1318 482 NovA
1359 442 1813 483 HIERosomMA

583 581 728 640 Quod
759 589 782 604 “
799 582 933 626 11ν3”
960 591 1010 626 et
1037 583 1247 626 “botrus
1265 582 1288 597 ”
1321 582 1562 640 significet
1593 584 1778 627 bonum
1811 583 2075 640 spirituale,
2108 585 2241 641 quod
2273 592 2351 629 est

494 642 679 684 bonum
702 641 953 684 eharitatis
980 643 1044 695 (n.
1071 643 1216 696 5117).

583 698 728 756 Quod
755 705 778 721 “
794 699 1044 742 effundere
1067 699 1355 756 sanguinem
1372 699 1396 715 ''
1419 699 1482 743 sit
1504 699 1788 743 violentiam
1815 700 1992 744 inferre
2018 699 2200 744 Divino
2217 700 2350 745 Vero

497 760 561 813 (η,
587 768 682 823 374,
713 768 834 823 1095,
857 768 986 824 4735,
1015 758 1137 812 5476,
1162 759 1311 812 9127)-
2342 817 2346 821 ,

583 815 714 872 Quid
742 815 1044 872 sigmficatur
1066 829 1151 872 per
1173 817 1305 872 quod
1330 829 1389 859 ex
1414 816 1565 860 latere
1591 816 1789 859 Domini
1813 817 2018 860 exiverit
2042 817 2278 874 “sanguis
2299 824 2351 860 et

496 888 524 916 a
562 887 623 916 ua
687 877 750 928 (n.
774 876 923 928 9127).

527 888 557 930 q
583 932 712 989 Quid
754 946 839 988 per
870 933 1002 1045 qupd
1043 931 1287 976 Dominus
1320 933 1581 976 redemerit
1614 933 1863 977 hominem
1905 940 2031 990 per‘
2037 933 2350 991 ‘sanguinem

494 1004 635 1033 suum
703 993 934 1046 (n.10152

493 1142 630 1187 218.
672 1142 747 1183 De
769 1142 919 1185 Pane.

583 1242 729 1299 Quod
751 1249 772 1264 ‘¹
788 1242 968 1299 panis,’'
988 1243 1069 1285 ubi
1094 1243 1154 1286 de
1179 1242 1408 1292 Domino,
1433 1242 1675 1299 significet
1700 1242 1934 1285 Divinum
1960 1242 2156 1286 Bonum
2182 1221 2348 1286 Divini

495 1301 694 1344 Amoris
719 1301 933 1351 Domini,
956 1309 1007 1344 et
1030 1302 1330 1357 reciprocum
1356 1302 1568 1344 hominis
1592 1301 1675 1357 qui
1703 1301 1805 1344 edit
1831 1303 1894 1356 (n.
1920 1301 2045 1356 2165,
2072 1311 2196 1354 2177,
2222 1301 2349 1356 3478,

495 1370 620 1415 3735-
648 1359 1225 1426 3813‚421{‚42·17‚4735‚
1250 1360 1377 1426 4978
1406 1371 1533 1426 9323,
1558 1360 1707 1414 9545)-
1845 1417 1852 1426 ‚
2005 1417 2014 1426 ‚

584 1417 730 1474 Quod
756 1424 932 1474 “panis
949 1418 972 1432 ’'
996 1419 1216 1462 involvat
1243 1427 1292 1461 et
1318 1417 1560 1475 signlficet
1587 1431 1784 1461 omnem
1812 1419 1974 1460 cibum
2003 1431 2051 1460 111
2077 1431 2254 1475 genere
2284 1419 2349 1473 (n.

496 1477 579 1518 216
613 1511 621 1524 ,
645 1477 759 1518 6118
787 1511 794 1520 .

584 1487 730 1592 {Juod
761 1478 988 1578 )“cibus”
1027 1534 1270 1591 significet
1307 1549 1454 1578 omne
1492 1535 1624 1590 quod
1664 1535 1819 1578 nutrit
1855 1535 2007 1578 vitam
2046 1534 2350 1591 spiritualem

495 1593 709 1636 hominis
736 1595 799 1649 (n.
823 1593 950 1649 4976,
980 1604 1102 1648 5147,
1130 1604 1253 1649 5915,
1278 1594 1405 1646 6277,
1431 1594 1578 1646 8418).

585 1652 660 1694 Ita
683 1653 901 1708 “panis”
925 1666 1123 1694 omnem
1151 1653 1314 1694 cibum
1342 1652 1602 1695 caelestem
1631 1660 1679 1695 et
1707 1651 2009 1708 spiritualem
2040 1653 2104 1707 (n.
2130 1651 2226 1705 276,
2249 1651 2349 1702 680,

497 1711 621 1765 2165,
647 1721 772 1763 2177,
798 1711 924 1765 3478,
948 1711 1075 1759 6118,
1101 1710 1249 1764 8410).

584 1769 663 1811 Sic
680 1775 862 1812 “omne
881 1770 1013 1825 quod
1033 1770 1133 1812 exit
1150 1783 1209 1812 ex
1227 1782 1311 1811 ore
1331 1768 1436 1818 Dei,
1444 1768 1467 1782 ”
1482 1769 1753 1812 secundum
1775 1768 1974 1811 Domini
1990 1769 2150 1819 verba,
2165 1768 2350 1812 Asattlz.

496 1827 557 1870 iv.
580 1840 608 1880 4
632 1829 696 1881 (n.
720 1827 839 1881 681).

578 1884 777 1942 Ouod“
795 1885 932 1942 panis
950 1885 972 1899 ’'
1002 1885 1048 1927 in
1075 1899 1253 1942 genere
1280 1885 1525 1942 significet
1551 1886 1734 1928 bonum
1768 1885 1947 1928 amoris
1983 1887 2047 1941 (n.
2072 1885 2198 1941 2165,
2223 1895 2349 1938 2177,

500 1944 684 1998 10686);
716 1944 907 1987 simile‘
913 1944 1167 1993 ‘triticum,
1221 1958 1280 1987 ex
1303 1958 1401 2010 quo
1425 1944 1563 2000 panis
1590 1946 1654 1998 (n.
1676 1956 1800 1998 3941,
1826 1944 1974 1999 7605).

582 2002 676 2045 Ubi
711 2002 759 2044 in
787 2003 951 2046 Verbo
984 2003 1209 2045 dicitur“
1226 2003 1364 2058 panis
1397 2012 1446 2045 et
1478 2016 1615 2058 aqua,
1638 2003 1801 2058 ’quod
1835 2002 2140 2059 significetur
2165 2003 2349 2045 bonum

495 2061 675 2104 amoris
698 2070 747 2104 et
769 2075 938 2104 verum
963 2061 1076 2103 fidei
1103 2063 1167 2116 (n.
1191 2061 1340 2115 9323).

580 2119 822 2176 Frangere
855 2133 1045 2175 panem,
1069 2121 1201 2175 quod
1235 2119 1381 2162 fuerit
1408 2119 1874 2176 repraesentativum
1903 2118 2059 2161 mutui
2092 2118 2274 2162 amoris
2300 2119 2349 2162 in

493 2178 712 2221 ecclesiis
735 2178 949 2234 antiquis
977 2180 1039 2232 (n.
1068 2183 1213 2232 5405).

584 2236 730 2294 Quod
763 2237 898 2280 cibus
931 2236 1196 2292 spiritualis
1223 2236 1286 2279 sit
1311 2236 1527 2285 scientia,
1557 2235 1881 2292 intelligentia
1905 2244 1956 2279 et
1981 2235 2244 2292 sapientia;
2283 2235 2351 2279 ita

494 2296 678 2338 bonum
721 2303 771 2338 et
804 2309 988 2344 verum,
1022 2295 1137 2350 quia
1171 2309 1229 2338 ex
1267 2295 1342 2337 his
1382 2295 1490 2337 illae
1535 2297 1598 2349 (n.
1620 2307 1744 2349 3114,
1767 2305 1895 2349 4459,
1918 2305 2046 2349 4792,
2074 2305 2197 2350 5147,
2224 2305 2349 2350 5293,

498 2365 620 2409 5340,
648 2364 770 2420 5343,
799 2364 930 2419 5410,
949 2354 1073 2408 5426,
1101 2354 1224 2408 5576,
1252 2353 1374 2408 5582,
1402 2353 1525 2407 5588,
1553 2352 1704 2408 56561->
1731 2353 1874 2408 56551,
1899 2353 2024 2408 8562,
2049 2353 2198 2408 9003)-

586 2412 646 2454 Et
667 2426 782 2467 qula
804 2420 1027 2454 nutriunt
1051 2421 1266 2454 mentem
1292 2414 1356 2466 (n.
1379 2422 1507 2465 4459,
1535 2422 1657 2466 5293,
1686 2412 1808 2466 5576,
1832 2412 1960 2464 6277,
1985 2412 2133 2465 8418).

583 2469 888 2513 Sustentatio
922 2484 1007 2526 per
1033 2471 1210 2520 cibum,
1235 2470 1367 2525 quod
1402 2470 1465 2512 sit
1498 2470 1703 2513 nutritio
1735 2469 2014 2526 spiritualis,
2043 2483 2099 2512 ae
2137 2469 2349 2513 influxus

494 2529 609 2571 boni
633 2538 681 2571 et
706 2529 805 2571 veri
829 2542 856 2571 a
882 2528 1097 2572 Domino
1118 2531 1183 2583 (n.
1206 2529 1335 2584 4976,
1364 2538 1486 2584 5915,
1511 2529 1660 2582 6277)

583 2641 778 2700 Quod“
795 2641 970 2697 panes’
977 2641 1154 2697 'super
1181 2655 1350 2684 mensa
1383 2641 1430 2683 in
1458 2641 1775 2684 tabernaculo
1802 2640 2185 2697 significaverint
2212 2639 2350 2683 Divi-

496 2715 611 2742 num
641 2701 850 2743 Bonum'
861 2700 1027 2742 Divini
1053 2700 1251 2742 Amoris
1277 2699 1476 2742 Domini
1502 2701 1566 2753 (n.
1592 2700 1717 2754 3478,
1741 2704 1889 2754 9545).

584 2759 767 2816 Quod‘
774 2758 1023 2801 ‘minchae
1042 2759 1063 2771 ’'
1093 2759 1140 2800 in
1175 2758 1435 2806 sacrificiis,
1468 2772 1592 2824 quae
1624 2766 1763 2800 erant
1796 2759 2047 2813 placentae
2080 2766 2129 2800 et
2162 2758 2348 2814 lagana,
2406 2785 2409 2788 »

496 2817 878 2874 significaverint
900 2817 1085 2859 cultum
1110 2831 1169 2859 ex
1192 2817 1324 2859 bono
1346 2818 1526 2859 amoris
1551 2819 1614 2870 (n.
1638 2816 1766 2870 4581,
1792 2827 1940 2870 10079,
1967 2817 2138 2871 10137).

583 2875 714 2932 Quid
730 2875 1012 2918 “minchae”
1025 2875 1184 2918 variae
1201 2875 1246 2916 in
1262 2875 1421 2931 specie
1437 2874 1835 2931 significaverunt
1854 2877 1917 2929 (n.
1936 2875 2061 2929 7978,
2075 2886 2349 2929 9992-9994,

500 2936 673 2989 10079).

585 3044 747 3102 (Quod
766 3044 967 3100 antiqui,
981 3058 1093 3087 cum
1110 3044 1338 3087 dixerunt
1354 3050 1378 3066 ‘⁴
1393 3043 1611 3100 panem,”
1627 3043 1957 3086 intellexerint
1971 3056 2168 3086 omnem
2185 3043 2349 3086 cibum

497 3104 543 3146 in
571 3117 760 3160 genere,
784 3103 1010 3146 videatur

590 3201 722 3237 Genes.
753 3199 843 3237 xliii.
874 3200 932 3243 16,
955 3211 1027 3246 31:
1062 3199 1194 3236 Exod.
1219 3211 1267 3234 xv
1270 3199 1321 3236 iii.
1348 3210 1416 3236 12:
1453 3198 1592 3248 Judi.c
1616 3199 1693 3235 xiii.
1725 3208 1782 3244 15,
1814 3199 1882 3234 16.
1918 3209 1935 3234 1
1961 3199 2066 3236 Sam.
2090 3199 2166 3235 xiv.
2195 3200 2255 3242 28,
2278 3209 2349 3246 29;

695 3261 780 3296 cap.
802 3261 865 3287 xx.
887 3261 946 3296 24,
967 3261 1036 3295 27:
1071 3251 1218 3286 2Sam.
1238 3250 1289 3286 ix.
1310 3260 1345 3294 7,
1369 3260 1438 3286 10:
1475 3250 1613 3296 1Reg.
1635 3249 1671 3284 iv
1675 3260 1763 3291 .,22
1785 3260 1853 3295 23:
1889 3250 2028 3296 2Reg.
2049 3261 2138 3286 xxv.
2159 3249 2238 3296 29.)

495 3401 637 3447 219.
680 3393 755 3434 De
789 3393 923 3435 Vino.

584 3491 730 3548 Quod
751 3497 775 3512 ‘⁴
790 3490 973 3539 vinum,
980 3490 1003 3505 ”
1023 3491 1105 3532 11111
1130 3491 1189 3533 (16
1211 3489 1441 3539 Domino,
1459 3489 1700 3546 significet
1721 3489 1953 3531 Divinum
1973 3489 2155 3532 Verum
2181 3501 2350 3545 proce-

496 3551 616 3592 dens
635 3564 694 3592 ex
719 3549 900 3591 Divino
922 3549 1063 3591 Bono
1084 3548 1253 3604 Ipsius,
1273 3548 1430 3591 simile
1453 3554 1536 3589 ac‘
1542 3547 1786 3603 ‘sanguis
1793 3547 1886 3601 '.(n
1911 3547 2348 3602 1071,1798,6377).

585 3607 779 3665 Quod“
795 3607 987 3649 vinum’
994 3606 1073 3648 ’in
1097 3620 1273 3673 genere
1296 3605 1538 3662 significet
1561 3607 1744 3647 bonum
1768 3605 2021 3648 charitatis
2048 3607 2111 3659 (n.
2138 3605 2288 3660 6377).

584 3666 773 3711 Ouod‘
780 3665 1047 3708 ‘mustum'
1054 3664 1332 3722 ’significet
1364 3677 1534 3707 verum
1569 3677 1627 3706 ex
1660 3665 1791 3707 bono
1826 3663 1870 3706 in
1907 3663 2113 3706 naturali
2149 3663 2348 3706 homine

499 3727 563 3779 (n
589 3724 738 3779 3580)
