2496 4250
417 427 464 477 vi
541 439 544 441 “
755 433 1086 475 SAPIENTIA
1127 430 1449 470 ANGELICA
1490 429 1572 469 DE
1611 426 1935 480 CONJUGIO.

544 575 611 616 De
640 587 776 614 amore
806 571 1047 613 dominandi
1076 584 1127 610 ex
1151 582 1288 609 amore
1313 568 1375 607 sui
1397 567 1507 620 apud
1536 566 1676 614 laicos,
1696 565 1808 618 quod
1831 564 1960 604 velint
1983 577 2070 604 esse
2092 577 2208 618 reg&
2230 571 2270 606 et

624 639 908 690 imperatores;
939 642 978 674 et
1001 634 1111 687 apud
1141 633 1322 680 clericos,
1348 631 1459 684 quod
1482 630 1610 670 velint
1634 642 1721 669 esse
1746 629 1915 668 numina
1943 635 1983 668 et
2007 628 2064 668 dii
2097 629 2267 682 (Memo-

623 702 729 748 rab„
749 713 790 739 n.
809 699 906 750 1873
928 704 999 746 [De
1013 704 1097 736 Am.
1118 702 1232 741 Conj.,
1249 711 1284 734 n.
1302 693 1501 748 261-266J).

540 798 606 837 De
627 809 764 836 amore
786 793 1027 834 dominandi
1048 806 1099 831 ex
1117 804 1253 831 amore
1273 803 1419 830 usuum
1439 791 1495 842 (n.
1513 788 1612 840 1873
1637 794 1710 836 [De
1728 795 1815 827 Am.
1840 793 1956 833 conj„
1972 803 2007 825 n.
2026 785 2226 835 261-266Jl.

544 893 667 945 Quod
687 891 795 944 apud
816 890 947 930 virum
968 902 1082 928 amor
1100 887 1162 927 sui
1186 894 1225 927 et
1248 886 1373 926 fastus
1392 884 1578 938 propriae
1601 883 1895 935 intelligentiae
1915 881 2129 922 translatus
2151 881 2203 922 sit
2225 881 2269 920 in

622 968 815 1003 uxorem;
846 953 959 993 varia
980 952 1039 1008 (n.
1061 960 1249 1004 725—742
1270 956 1343 998 [De
1361 957 1446 988 Am.
1470 955 1586 995 conj„
1603 964 1637 986 n.
1661 965 1714 995 32,
1733 945 1841 1001 156]).

545 1052 611 1091 De
633 1063 769 1090 amore
788 1049 864 1098 sui,
885 1047 998 1088 varia
1021 1046 1079 1102 (n.
1099 1043 1323 1100 725-742).

406 1192 529 1235 Amor
549 1189 894 1246 consuyiall's.—[
910 1191 1109 1230 Videatur
1125 1188 1250 1227 etiam
1272 1187 1428 1226 INDEX
1445 1198 1502 1225 AL
1512 1182 1632 1238 TER]

543 1265 724 1317 Sphaera
743 1262 982 1302 universalis
1001 1259 1148 1300 amoris
1169 1257 1411 1311 conjugialis
1427 1256 1600 1309 implens
1623 1261 1838 1307 utrumque
1858 1253 2059 1292 mundum
2077 1251 2137 1308 (n.
2156 1262 2180 1292 2
2196 1257 2269 1301 [De

624 1335 709 1367 Am.
731 1333 847 1373 conj„
861 1343 895 1364 n.
909 1342 964 1373 92,
980 1342 1054 1370 222,
1068 1327 1172 1376 225]).

543 1423 669 1476 Quod
692 1422 818 1462 homo
840 1427 932 1474 post
953 1425 1127 1459 mortem
1151 1418 1201 1458 sit
1222 1429 1320 1457 suus
1343 1428 1457 1456 amor
1479 1421 1519 1456 et
1542 1414 1639 1454 inde
1663 1413 1862 1467 sapientia
1885 1415 1942 1464 (n.
1964 1423 2065 1464 9-12
2086 1417 2160 1461 [De
2178 1419 2264 1474 ²¹⁸³!-

631 1493 747 1533 Conj.,
763 1503 798 1524 n.
817 1503 869 1532 34,
885 1486 972 1535 36]).

540 1583 664 1636 Quod
683 1582 807 1622 homo
831 1581 881 1621 sit
903 1593 999 1620 suus
1019 1592 1145 1626 amor,
1161 1585 1200 1619 et
1222 1578 1333 1632 quod
1352 1591 1466 1617 amor
1485 1577 1536 1616 sit
1556 1576 1683 1615 homo
1710 1574 1771 1630 (n.
1789 1587 1814 1626 9
1830 1580 1903 1623 [De
1917 1581 2003 1613 Am.
2025 1579 2142 1620 conj„
2157 1589 2193 1612 n.
2213 1588 2266 1620 35,

625 1645 715 1701 39])·

542 1754 666 1806 Quod
686 1767 800 1793 amor
820 1754 980 1807 spiritus
999 1769 1071 1795 seu
1091 1755 1239 1796 interni
1258 1758 1436 1798 hominis
1458 1767 1621 1801 maneat
1643 1768 1734 1814 post
1755 1769 1928 1804 mortem
1950 1764 2008 1820 (n.
2031 1777 2078 1806 10
2097 1771 2169 1815 [De
2178 1774 2263 1806 Am.

627 1824 740 1864 Conj.,
757 1835 790 1857 n.
807 1826 928 1865 34—36,
943 1820 1016 1871 46])
1030 1835 1041 1868 3

541 1881 596 1920 Et
614 1894 698 1920 non
719 1888 908 1921 externus
929 1884 984 1935 (n.
1003 1894 1039 1922 11
1060 1889 1131 1932 [De
1149 1892 1234 1924 Am.
1253 1892 1366 1932 conj„
1383 1903 1416 1925 n.
1432 1887 1522 1943 35])·

540 1978 666 2030 Quod
695 1991 809 2019 amor
841 1993 925 2018 non
955 1980 1005 2020 sit
1035 1981 1187 2034 absque
1216 1982 1398 2032 scientia,
1423 1985 1706 2038 intelligentia,
1725 1993 1767 2028 et
1793 1989 1993 2042 sapientia
2022 1989 2090 2046 (de
2111 2006 2204 2046 quo,
2226 2005 2266 2034 n.

622 2053 669 2082 12
691 2049 763 2091 [De
776 2051 860 2082 Am.
881 2050 994 2091 Cous„
1008 2062 1042 2084 n.
1062 2048 1165 2094 134]).

537 2138 710 2192 Aliquid
731 2140 783 2180 de
804 2153 942 2180 amore
963 2141 1066 2181 caeli
1089 2148 1129 2182 et
1148 2142 1201 2182 de
1221 2156 1358 2184 amore
1379 2143 1526 2186 inferni
1547 2147 1605 2201 (n.
1621 2147 1702 2202 13).

539 2242 626 2299 (De
643 2258 784 2284 amore
801 2258 934 2294 sexus,
954 2245 1047 2285 vide
1069 2245 1238 2300 Sexus.)
1375 2227 1379 2230 ἡ

536 2349 659 2402 Quod
682 2362 796 2388 amor
818 2349 861 2388 in
884 2362 1034 2402 genere
1063 2349 1113 2390 sit
1135 2350 1271 2403 imago
1295 2351 1415 2391 unius
1438 2351 1482 2391 in
1505 2352 1630 2392 altero
1651 2366 1702 2392 ex
1726 2353 2026 2394 concordantiis
2050 2354 2110 2407 (n.
2126 2353 2172 2394 18
2188 2360 2262 2404 [De

614 2420 701 2452 Am.
725 2419 841 2459 Cous„
857 2430 892 2452 n.
917 2431 988 2460 172,
1007 2414 1116 2467 173]).

533 2475 663 2514 Amor
691 2476 931 2575 conjugialis
959 2477 1073 2530 plus;
1107 2477 1179 2530 qui
1203 2477 1456 2527 describitur,
1486 2478 1617 2531 qualis
1650 2479 1708 2532 (n.
1733 2490 1792 2531 19,
1818 2491 1872 2519 20
1894 2485 1966 2528 [De
1980 2487 2066 2520 Am.
2089 2486 2206 2528 Conj„
2221 2497 2256 2520 n.

614 2548 687 2577 172,
706 2537 778 2580 173]
806 2563 815 2571 .

532 2628 662 2667 Amor
696 2628 937 2680 conjugialis
975 2635 1298 2680 repraesentatus
1330 2643 1404 2682 per
1431 2630 1582 2682 ignem,
1613 2631 1782 2680 colores,
1812 2631 2062 2684 fragrantias,
2090 2632 2256 2681 rosaria,

612 2691 797 2737 arborea,
826 2692 1020 2740 volatilia,
1055 2692 1249 2731 animalia
1293 2694 1555 2746 (Memorab.,
1584 2706 1626 2734 n.
1648 2705 1700 2745 29
1722 2701 1794 2743 [De
1813 2702 1898 2733 Am.
1920 2701 2036 2741 conj„
2052 2711 2087 2734 n.
2113 2702 2165 2742 76,
2181 2712 2255 2744 293,

613 2771 686 2803 294,
703 2754 814 2809 316])·

528 2850 653 2903 Quod
672 2863 788 2890 amor
807 2850 1047 2903 conjugialis
1071 2851 1121 2891 sit
1143 2851 1377 2904 deperditus
1400 2852 1443 2891 in
1467 2852 1593 2901 terris,
1615 2852 1685 2892 sed
1712 2852 1999 2893 resuscitabilis
2023 2866 2048 2893 a
2072 2853 2254 2894 Domino

612 2914 672 2969 (n.
689 2925 734 2966 31
755 2920 827 2962 [De
841 2922 926 2952 Am.
950 2921 1065 2960 Conj„
1082 2931 1116 2953 n.
1135 2922 1188 2962 69,
1205 2914 1294 2970 81]).

526 3012 594 3051 De
614 3012 767 3064 origine
787 3012 935 3051 amoris
953 3012 1192 3064 conjugialis
1209 3014 1265 3065 (n.
1283 3013 1410 3064 31—76
1430 3019 1502 3061 [De
1516 3021 1601 3052 Am.
1625 3020 1740 3060 Conj.,
1757 3030 1791 3053 n.
1809 3021 1862 3061 60,
1879 3022 1932 3062 61,
1951 3030 2002 3061 75,
2018 3022 2071 3063 83,
2089 3031 2162 3062 102,
2179 3031 2252 3062 103,

610 3077 713 3130 Ι43])-

528 3171 652 3224 Quod
683 3185 797 3211 amor
826 3172 1064 3224 conjugialis
1091 3172 1141 3212 sit
1171 3186 1195 3211 a
1218 3173 1413 3221 Domino,
1435 3173 1530 3225 quia
1553 3186 1675 3212 omne
1698 3173 1853 3213 bonum
1874 3173 2022 3213 amoris
2046 3180 2085 3214 et
2108 3186 2250 3213 verum

605 3235 827 3288 sapientiae
847 3243 941 3275 sunt
961 3236 1012 3275 ab
1034 3237 1130 3288 Ipso
1150 3237 1205 3290 (n.
1224 3247 1329 3288 33-3
1335 3244 1356 3287 5
1380 3242 1451 3284 [De
1466 3244 1550 3275 Am.
1574 3243 1690 3283 conj„
1706 3254 1741 3276 n.
1760 3245 1812 3283 60,
1830 3237 1988 3291 84-86J).

526 3332 745 3384 Quomodo
769 3331 899 3372 influit
921 3345 1035 3372 amor
1058 3332 1298 3385 conjugialis
1318 3332 1427 3385 apud
1449 3331 1659 3372 hominem
1676 3332 1735 3387 (n.
1754 3342 1797 3385 51
1822 3339 1894 3382 [De
1907 3340 1993 3372 Am.
2012 3339 2129 3380 conj..
2145 3349 2179 3372 n.
2193 3350 2248 3381 9²,

608 3398 692 3446 93])·

525 3491 779 3532 Describitur
802 3491 946 3531 iterum
971 3492 1102 3544 qualis
1126 3498 1186 3532 est
1208 3505 1321 3531 amor
1344 3492 1582 3544 conjugialis
1606 3493 1743 3545 quoad
1768 3492 2099 3546 conjunctionem
2124 3499 2163 3534 et
2186 3506 2245 3533 re·

607 3555 812 3607 ciprocum
837 3555 924 3607 ejus
948 3556 1057 3607 apud
1081 3555 1308 3595 masculum
1332 3561 1372 3595 et
1395 3554 1612 3605 feminam
1645 3563 1683 3596 et
1708 3570 1758 3596 ex
1779 3557 1917 3596 Verbo
1939 3556 2160 3597 illustratur
2183 3555 2242 3611 (n.

608 3627 739 3670 52-55
763 3624 835 3667 [De
849 3626 934 3657 Am.
955 3625 1071 3665 Conj.,
1087 3636 1121 3657 n.
1141 3637 1192 3666 33,
1209 3636 1261 3666 37,
1277 3626 1331 3666 61,
1349 3636 1421 3665 132,
1436 3617 1546 3675 316]).

525 3721 649 3773 Quod
681 3734 730 3760 ex
760 3721 966 3773 superiore
995 3722 1150 3773 origine
1181 3721 1403 3762 descendat
1431 3735 1544 3761 amor
1567 3722 1783 3775 spiritualis
1806 3723 2003 3764 mentium
2027 3730 2066 3764 et
2088 3723 2241 3764 animo-

603 3797 693 3823 rum
726 3785 894 3839 (illustr.
916 3797 958 3825 n.
975 3793 1109 3836 57-59
1131 3790 1203 3833 [De
1216 3793 1302 3824 Am.
1326 3791 1441 3832 conj„
1458 3802 1492 3824 n.
1510 3792 1631 3832 61‚68,
1653 3786 1742 3840 69]).
