2496 4250
483 415 581 480 146
1016 429 1099 469 DE
1139 428 1313 469 NOVA
1354 429 1809 472 HmERosoLYMA

475 587 624 636 259.
670 581 809 636 Quod
827 581 998 623 Sensus
1020 584 1240 624 internus
1261 584 1506 639 imprimis
1525 586 1590 627 sit
1605 587 1701 641 pro
1721 587 1933 643 Angelis,
1953 591 1997 630 et
2017 588 2147 643 quod
2160 602 2339 646 quoque

768 642 835 681 sit
845 643 942 695 pro
964 641 1266 683 Hominibus.

564 737 634 781 Ut
656 738 838 781 sciatur
854 739 972 795 quid
997 753 1169 783 sensus
1194 740 1427 791 internus,
1442 742 1600 798 qualis
1625 743 1715 793 ille,
1734 752 1784 787 et
1807 745 1951 794 unde,
1968 745 2232 789 dicendum
2257 746 2337 790 hic

474 813 548 848 est
574 805 620 847 in
648 805 1074 863 summat—Quod
1103 807 1369 863 loquantur
1391 817 1440 851 et
1467 809 1687 867 cogitent
1709 811 1851 854 aliter
1874 811 1921 853 in
1949 813 2086 855 caelo
2114 826 2261 868 quam
2287 813 2333 856 in

475 872 688 932 mupdoe
723 873 770 914 in
789 873 926 916 caelo
943 873 1274 929 spiritualiter,
1296 874 1343 916 in
1363 876 1551 919 mundo
1570 877 1880 920 naturaliter:
1907 887 2210 934 quapropter
2225 892 2336 922 cum

475 938 627 981 homo
650 939 770 995 legit
789 939 1020 990 Verbum,
1039 941 1172 996 quod
1191 941 1367 997 angeli,
1387 942 1470 998 qui
1494 943 1623 998 apud
1644 943 1909 993 hominem,
1931 944 2202 1000 percipiant
2217 945 2336 988 illud

476 1005 807 1061 Spiritualiter,
831 1020 943 1050 cum
977 1007 1204 1050 homines
1237 1008 1549 1052 naturaliter:
1591 1006 1724 1065 q‘uod
1765 1010 1878 1053 inde
1915 1010 2075 1068 angeli
2109 1011 2157 1054 in
2190 1025 2336 1055 sensu

475 1073 670 1116 interno
694 1073 805 1123 sint,
822 1087 934 1116 cum
954 1074 1179 1118 homines
1204 1074 1251 1117 in
1275 1083 1506 1119 externo:
1539 1076 1624 1119 sed
1649 1077 1782 1132 quod
1808 1091 1963 1133 usque
1986 1091 2137 1120 unum
2157 1077 2339 1122 faciant

476 1152 562 1194 per
583 1141 1088 1195 correspondentiam.

565 1243 711 1302 Quod
745 1245 962 1289 Verbum
1008 1247 1150 1290 aliter
1178 1247 1481 1304 intelligatur
1511 1248 1572 1291 ab
1605 1248 1792 1305 angelis
1826 1248 1875 1291 in
1908 1249 2068 1298 caelis,
2096 1263 2244 1306 quam
2276 1251 2338 1294 ab

475 1304 759 1348 hominibus
794 1305 841 1347 in
875 1308 1030 1355 terris,
1055 1314 1105 1348 et
1138 1307 1271 1362 quod
1300 1307 1394 1350 illis
1418 1307 1480 1350 sit
1503 1320 1675 1350 sensus
1699 1308 1922 1351 internus
1945 1322 2030 1351 seu
2054 1308 2336 1364 spiritualis,

474 1362 550 1406 his
575 1372 740 1406 autem
765 1372 996 1408 externus
1020 1378 1104 1407 seu
1130 1365 1364 1408 naturalis
1392 1367 1455 1420 (n.
1485 1365 1606 1418 1887,
1633 1366 1790 1421 2396[?
1815 1367 1983 1421 2395]).

564 1421 711 1478 Quod
736 1423 895 1479 angeli
921 1423 1192 1479 percipiant
1215 1424 1432 1466 Verbum
1458 1424 1506 1466 in
1530 1438 1675 1467 sensu
1701 1425 1908 1474 interno,
1928 1434 1977 1468 et
1996 1439 2094 1469 non
2119 1425 2166 1468 in
2190 1439 2336 1470 sensu

475 1488 679 1524 externo
703 1482 779 1536 (ab
795 1485 1091 1537 experientia
1111 1483 1304 1525 illorum
1322 1485 1412 1538 qui
1427 1497 1604 1526 mecum
1626 1498 1650 1525 e
1669 1484 1791 1526 caelo
1812 1485 1962 1526 locuti
1976 1489 2100 1534 sunt,
2115 1498 2219 1527 cum
2242 1485 2344 1543 legi

489 1540 701 1589 Verbum,
727 1555 772 1583 n.
802 1541 1094 1595 1769-1772).

564 1597 711 1655 Quod
747 1599 884 1642 ideae
917 1607 966 1642 et
999 1614 1197 1656 quoque
1230 1600 1454 1656 loquelae
1481 1600 1730 1657 angelicae
1757 1601 1855 1644 sint
1882 1600 2172 1657 spirituales,
2199 1601 2336 1646 ideae

474 1665 639 1700 autem
665 1666 713 1700 et
731 1658 954 1714 loquelae
973 1659 1217 1702 humanae
1236 1660 1508 1710 naturales;
1535 1660 1667 1715 quod
1689 1659 1800 1702 ideo
1818 1674 1990 1703 sensus
2014 1660 2236 1704 internus
2253 1661 2337 1718 qui

474 1716 740 1772 spiritualis
765 1731 852 1772 pro
875 1717 1060 1774 angelis
1083 1718 1147 1760 sit
1173 1719 1491 1772 (illustratum
1515 1719 1571 1760 ab
1592 1721 1906 1774 experientia,
1932 1733 1976 1762 n.
1998 1719 2146 1774 2333).

565 1773 710 1831 Quod
750 1784 915 1818 tamen
954 1790 1127 1819 sensus
1165 1777 1356 1819 litterae
1384 1776 1532 1819 Verbi
1573 1778 1804 1820 inserviat
1842 1777 1964 1820 ideis
2002 1777 2338 1834 spiritualibus

474 1834 762 1890 angelorum
806 1848 894 1890 pro
939 1835 1127 1884 mediis,
1163 1835 1497 1891 comparative
1521 1836 1647 1879 sicut
1690 1835 1877 1879 faciunt
1918 1849 2068 1879 voces
2110 1836 2338 1893 loquelae

475 1893 638 1935 sensui
663 1893 731 1935 rei
755 1893 884 1948 apud
909 1893 1162 1936 hominem
1189 1896 1254 1947 (n.
1280 1895 1429 1948 2143).

565 1950 711 2008 Quod
753 1952 833 1993 illa
874 1966 999 2008 quae
1032 1962 1147 1994 sunt
1181 1966 1353 1995 sensus
1393 1953 1571 1996 interni
1594 1953 1745 1995 Verbi
1778 1953 1957 1996 cadant
1990 1954 2038 1996 in
2065 1953 2183 1996 talia
2213 1967 2339 2010 quae

476 2019 591 2053 sunt
625 2010 747 2054 lucis
780 2011 915 2060 caeli,
941 2011 1009 2054 ita
1042 2011 1089 2053 in
1125 2011 1493 2067 perceptionem
1520 2011 1790 2068 angelicam
1819 2014 1883 2067 (n.
1908 2012 2034 2062 2618,
2059 2013 2185 2068 2619,
2211 2013 2346 2068 2629,

478 2069 711 2185 308guod
737 2128 819 2171 illa
841 2142 965 2184 quae
987 2129 1145 2186 angeli
1173 2142 1199 2172 e
1226 2128 1392 2172 Verbo
1419 2128 1710 2185 percipiunt,
1734 2129 1827 2173 illis
1856 2129 1968 2173 ideo
1995 2129 2213 2186 pretiosa
2239 2130 2340 2174 sint

480 2189 1176 2254 (n·2540‚2541‚3545›2551)-
1829 2247 1837 2255 ,
2162 2247 2210 2256 ,‚

565 2245 712 2303 Quod
741 2246 900 2303 angeli
926 2261 985 2290 ne
1013 2247 1213 2303 quidem
1237 2260 1385 2289 unam
1408 2260 1582 2290 vocem
1607 2260 1781 2290 sensus
1807 2247 2001 2291 htterae
2023 2246 2174 2291 Verbi
2198 2247 2340 2292 111101-

477 2304 633 2361 ligant
661 2307 724 2359 (n.
749 2305 817 2358 64,
842 2305 909 2360 65,
937 2317 1059 2359 1434,
1089 2306 1233 2360 1929).

565 2362 710 2420 Quod
747 2378 836 2406 nec
869 2364 1026 2407 sciant
1050 2364 1251 2407 nomina
1283 2377 1599 2420 personarum
1625 2371 1674 2407 et
1700 2363 1922 2407 locorum
1950 2378 2075 2421 quae
2098 2364 2147 2408 in
2173 2364 2340 2409 Verbo

481 2425 545 2476 (n.
575 2434 697 2476 1434,
726 2423 849 2471 1888,
873 2435 1001 2476 4442,
1024 2423 1175 2477 4480).

566 2480 710 2538 Quod
737 2481 940 2524 nomina
962 2495 1061 2525 non
1087 2482 1267 2524 intrare
1289 2481 1481 2538 possint
1505 2481 1553 2524 in
1577 2481 1780 2531 caelum,
1799 2495 1890 2525 nec
1914 2481 1978 2524 ibi
2003 2482 2247 2526 enuntiari
2274 2484 2338 2538 (n.

482 2540 605 2593 1876,
636 2540 779 2594 1888).

567 2597 716 2656 Quod
740 2598 907 2642 omnia
929 2598 1130 2642 nomina
1153 2599 1202 2641 in
1220 2599 1386 2642 Verbo
1409 2598 1687 2656 significent
1710 2613 1798 2648 res,
1816 2606 1866 2642 et
1888 2599 2021 2655 quod
2047 2599 2094 2642 in
2118 2599 2252 2643 ideas
2272 2599 2338 2643 rei

475 2666 735 2701 vertantur
758 2657 804 2699 in
829 2658 965 2700 caelo
991 2660 1054 2712 (n.
1080 2658 1175 2710 768,
1202 2658 1322 2708 1888,
1347 2670 1475 2712 4310,
1499 2670 1626 2710 4442,
1655 2668 1778 2712 5225,
1807 2658 1929 2712 5287,
1959 2659 2133 2713 10329).

567 2715 715 2773 Quod
750 2716 898 2759 etiam
932 2717 1091 2773 angeli
1125 2717 1345 2774 cogitent
1376 2715 1618 2759 abstracte
1651 2731 1680 2760 a
1713 2717 1933 2772 personis
1964 2718 2027 2771 (n.
2055 2717 2183 2772 6613,
2212 2717 2338 2772 8343,

480 2775 506 2818 8
539 2775 563 2817 8
599 2810 606 2823 ,
659 2788 717 2816 00
772 2809 780 2818 .

509 2789 536 2831 9
567 2776 963 2890 5Qil9am7)elegans
998 2848 1170 2877 sensus
1209 2834 1429 2877 internus
1456 2833 1620 2883 Verbi,
1643 2833 1842 2877 tametsi
1876 2847 2009 2877 mera
2042 2834 2242 2877 nomina
2266 2835 2342 2890 (ab

477 2894 705 2948 exemplis
725 2907 748 2934 e
784 2893 937 2942 Verbo,
962 2907 1006 2936 n.
1038 2905 1159 2946 1224,
1190 2893 1311 2942 1888,
1337 2894 1485 2947 2395).

569 2951 715 3009 Quod
749 2951 897 2994 etiam
938 2952 1078 3007 plura
1112 2952 1314 2994 nomina
1346 2951 1394 2994 in
1428 2951 1551 2995 serie
1585 2951 1632 2994 in
1667 2965 1813 2994 sensu
1843 2951 2037 2995 interno
2065 2965 2212 2995 unam
2237 2965 2339 2995 rem

479 3011 756 3066 exprimant
783 3015 846 3060 (n.
875 3010 1028 3065 59o5[?
1057 3011 1222 3065 5095]).

492 3092 494 3095 v
568 3067 714 3126 Quod
749 3069 896 3112 etiam
931 3083 1103 3112 omnes
1137 3069 1325 3112 numeri
1351 3069 1399 3111 in
1422 3068 1588 3111 Verbo
1622 3068 1899 3124 significent
1928 3083 2002 3112 res
2033 3070 2096 3123 (n.
2119 3068 2219 3122 482,
2241 3068 2341 3122 487,

479 3128 576 3228 627,
601 3127 698 3180 648,
724 3138 821 3182 755,
847 3127 942 3182 813,
959 3128 1095 3239 )1963,
1126 3128 1248 3183 1988,
1273 3138 1398 3183 2075,
1420 3138 1545 3182 2252,
1572 3127 1728 3182 3152[?
1753 3129 1898 3182 3252],
1918 3127 2045 3181 4264,
2064 3127 2192 3183 6175,
2211 3127 2340 3182 9488,

570 3197 788 3241 9,10217,
819 3197 992 3241 10253.

482 3199 509 3242 9
544 3197 715 3302 5Quod
750 3245 949 3300 spiritus
983 3245 1129 3287 etiam
1165 3245 1438 3301 percipiant
1459 3243 1676 3287 Verbum
1712 3244 1759 3286 in
1787 3258 1933 3288 sensu
1958 3244 2167 3294 interno,
2194 3251 2343 3302 prout

481 3303 714 3346 interiora
739 3304 931 3346 illorum
959 3303 1005 3345 in
1029 3304 1217 3346 caelum
1242 3312 1411 3359 aperta
1433 3311 1547 3346 sunt
1573 3305 1637 3357 (n.
1668 3304 1810 3356 1771).

569 3361 715 3419 Quod
745 3376 915 3404 sensus
939 3362 1130 3405 litterae
1150 3362 1312 3411 Verbi,
1336 3361 1418 3417 qui
1444 3361 1692 3409 naturalis,
1711 3370 2069 3404 transmutetur
2086 3369 2342 3405 momento

481 3435 529 3463 ¹¹¹
553 3420 2231 3535 §fiirifflffissiqaffieuffuffiitgi‘ssiss}e‘iussssgiitffrigegfiii‘i3⁹53}sslitii&
2254 3491 2341 3521 seu

481 3546 684 3580 externo
712 3540 775 3591 (n.
806 3540 979 3591 10215).

570 3595 650 3638 Sic
683 3596 813 3651 quod
849 3610 1021 3639 sensus
1054 3596 1246 3640 litterae
1279 3610 1364 3640 seu
1388 3604 1619 3640 externus
1642 3595 1705 3639 sit
1733 3596 1884 3639 modo
1910 3596 2039 3652 apud
2073 3594 2341 3643 hominem,

481 3667 571 3698 nec
595 3663 765 3711 pergat
789 3655 916 3698 ultra
944 3657 1007 3709 (n.
1034 3657 1182 3710 2015).
