2496 4250
598 433 679 473 ET
717 431 856 486 EJUS
896 430 1226 472 DOCTRINA
1265 431 1720 472 CAELEST1.—N.
1753 420 1838 486 46.
2065 417 2068 421 ’
2090 435 2156 490 37

289 573 436 626 male
475 572 584 625 illis
623 571 764 633 vult,
807 579 942 624 tunc
984 572 1205 638 cogitat
1246 579 1303 623 et
1343 571 1465 623 vult
1511 573 1583 623 ab
1628 573 1853 624 interno
1893 575 2152 634 naturali,

287 655 414 720 quia
441 671 515 704 ex
544 651 654 703 fide
681 651 803 702 falsi
832 659 889 702 et
918 669 991 701 ex
1020 668 1211 702 amore
1241 651 1391 711 mali,
1417 652 1496 702 ita
1525 670 1598 702 ex
1626 652 1858 702 inferno.
1934 652 2148 711 Verbo,

286 739 558 799 quantum
586 730 758 781 homo
786 730 840 780 in
868 746 1059 780 amore
1082 731 1136 779 in
1166 730 1472 780 Dominum
1502 737 1605 790 est,
1632 738 1690 780 et
1719 731 1774 780 in
1803 747 1995 780 amore
2019 749 2154 796 erga

286 811 607 877 proximum
647 816 751 868 est,
787 816 1013 859 tantum
1052 809 1107 858 in
1148 809 1372 858 interno
1412 808 1685 874 spirituali
1726 816 1831 868 est,
1868 816 1926 859 et
1967 827 2041 859 ex
2083 824 2150 858 eo

286 889 505 955 cogitat
534 895 592 939 et
620 887 759 947 vult,
794 895 850 938 et
879 904 1100 953 quoque
1129 904 1202 936 ex
1232 904 1300 937 eo
1330 885 1575 953 loquitur
1598 895 1655 937 et
1684 887 1849 950 facit3
1885 895 1945 937 at
1974 904 2152 954 quan-

286 975 407 1018 tum
440 966 612 1018 homo
644 967 699 1016 in
732 982 924 1016 amore
957 967 1038 1015 sui
1067 973 1173 1026 est,
1205 973 1262 1016 et
1291 966 1346 1016 in
1379 982 1570 1016 amore
1599 965 1810 1026 mundi,
1844 974 2069 1017 tantum
2097 968 2153 1017 in

284 1046 510 1097 interno
542 1044 782 1096 naturali
815 1051 920 1105 est,
946 1051 1003 1095 θῖ
1035 1061 1109 1094 ex
1138 1061 1206 1095 eo
1234 1045 1456 1110 cogitat
1489 1052 1547 1095 et
1570 1043 1710 1106 vult,
1735 1051 1794 1096 et
1826 1062 2048 1112 quoque
2078 1064 2153 1096 ex

285 1141 354 1176 eo
382 1124 629 1191 loquitur
656 1131 714 1174 et
742 1123 893 1174 facit.

383 1217 502 1271 43.
551 1203 643 1254 Ita
669 1204 955 1270 provisum
984 1209 1042 1253 et
1065 1202 1392 1253 ordinatum
1421 1209 1509 1253 est
1536 1220 1568 1252 a
1595 1201 1866 1263 Domino,
1891 1210 1952 1253 ut
1975 1221 2154 1270 quan-

286 1289 407 1332 tum
449 1281 622 1331 homo
661 1298 735 1331 ex
777 1279 936 1330 caelo
976 1281 1198 1345 cogitat
1239 1287 1297 1330 et
1330 1279 1472 1340 vult,
1504 1287 1730 1331 tantum
1772 1282 2057 1346 aperiatur
2096 1290 2154 1332 et

286 1359 557 1411 formetur
584 1360 838 1410 internus
867 1358 1170 1425 spiritualis
1202 1358 1408 1422 homo;
1451 1359 1689 1425 aperitio
1723 1367 1811 1410 est
1843 1361 1899 1410 in
1933 1359 2154 1411 caelum

286 1456 461 1506 usque
501 1438 573 1489 ad
613 1438 938 1499 Dominum,
981 1446 1038 1488 et
1078 1437 1340 1488 formatio
1380 1446 1468 1488 est
1509 1438 1819 1488 secundum
1865 1438 1963 1489 illa
2014 1457 2155 1505 quae

287 1517 429 1568 caeli
461 1525 623 1568 sunt:
666 1517 788 1567 vice
810 1534 972 1567 versa
999 1524 1208 1576 autem,
1235 1524 1508 1582 quantum
1542 1516 1716 1567 homo
1750 1534 1863 1567 non
1892 1535 1966 1567 θΧ
1996 1517 2156 1567 caelo

289 1596 388 1648 sed
429 1613 502 1647 ex
543 1596 754 1647 mundo
794 1597 1015 1662 cogitat
1056 1603 1114 1646 et
1154 1595 1292 1658 vult,
1324 1603 1548 1647 tantum
1590 1596 1870 1648 clauditur
1902 1598 2156 1647 internus

289 1675 595 1742 spiritualis
645 1674 836 1735 homO,
890 1682 947 1725 et
1000 1682 1273 1724 externus
1323 1676 1604 1741 aperitur3
1664 1676 1904 1742 aperitio
1962 1683 2050 1726 est
2101 1677 2156 1726 in

288 1755 577 1814 mundum,
609 1761 667 1805 et
699 1754 961 1804 formatio
995 1761 1083 1803 est
1116 1753 1187 1804 ad
1221 1753 1318 1804 illa
1346 1771 1488 1820 quae
1519 1754 1711 1804 mundi
1745 1763 1893 1805 sunt.

384 1847 506 1902 44.
555 1834 647 1884 Illi
683 1834 833 1900 apud
879 1852 1020 1900 quos
1057 1836 1314 1885 internus
1363 1835 1670 1900 spiritualis
1710 1835 1885 1886 homo
1924 1843 2156 1902 apertus

287 1919 374 1962 est
407 1913 463 1962 in
496 1911 716 1962 caelum
750 1911 821 1962 ad
856 1911 1181 1972 Dominum,
1217 1913 1271 1962 in
1314 1911 1436 1963 luce
1471 1912 1613 1963 caeli
1653 1921 1803 1974 sunt,
1840 1922 1899 1964 et
1940 1914 1994 1963 in
2028 1913 2155 1963 illu-

287 1990 598 2041 minatione
631 2008 664 2040 a
698 1990 962 2050 Domin0‚
995 1998 1052 2041 et
1083 1990 1214 2041 inde
1247 1991 1302 2040 in
1335 1990 1721 2056 intelligentia
1753 1998 1811 2042 et
1845 1993 2155 2058 sapientia3

286 2069 346 2120 hi
385 2069 583 2121 vident
621 2086 817 2120 verum
864 2071 992 2136 quia
1033 2086 1245 2131 verum,
1289 2077 1347 2120 et
1400 2071 1719 2137 percipiunt
1766 2070 1978 2121 bonum
2030 2073 2159 2138 quia

287 2147 515 2198 bonum.
611 2148 701 2198 Illi
741 2156 932 2199 autem
979 2148 1125 2214 apud
1166 2166 1306 2215 quos
1346 2149 1600 2200 internus
1640 2149 1944 2215 spiritualis
1984 2149 2158 2200 homo

289 2227 511 2278 clausus
544 2235 649 2288 est,
681 2244 794 2278 non
822 2229 1008 2279 sciunt
1036 2228 1185 2294 quod
1214 2229 1468 2278 internus
1497 2227 1670 2278 homo
1698 2230 1789 2289 sit,
1815 2230 1996 2279 minus
2026 2230 2158 2296 quid

287 2307 542 2357 internus
570 2306 777 2370 homo;
819 2323 921 2357 nec
963 2307 1203 2357 credunt
1245 2307 1395 2374 quod
1435 2307 1704 2357 Divinum
1744 2309 1834 2368 sit,
1871 2324 1973 2358 nec
2009 2309 2158 2374 quod

287 2386 407 2436 vita
438 2393 570 2452 post
599 2393 860 2446 mortem,
885 2386 965 2436 ita
993 2403 1095 2437 nec
1131 2386 1227 2436 illa
1256 2404 1399 2452 quae
1427 2386 1569 2436 caeli
1603 2394 1660 2437 et
1689 2386 1961 2437 ecclesiae
1991 2395 2155 2437 sunt:

289 2471 348 2515 et
375 2465 503 2531 quia
535 2463 717 2514 solum
750 2466 806 2515 in
839 2464 962 2515 luce
996 2465 1188 2515 mundi
1218 2473 1366 2525 sunt,
1392 2472 1450 2515 et
1479 2466 1533 2515 in
1567 2465 1978 2516 illuminatione
2007 2466 2156 2526 inde,

286 2543 527 2594 credunt
561 2542 838 2594 Naturam
878 2551 939 2594 ut
982 2543 1266 2605 Divinum,
1296 2544 1493 2595 vident
1525 2543 1726 2595 salsum
1760 2551 1822 2596 ut
1853 2560 2064 2606 verum,
2101 2552 2160 2594 et

289 2622 606 2688 percipiunt
640 2622 850 2672 malum
879 2631 939 2673 ut
969 2622 1200 2673 bonum.
1923 2630 1926 2632 ’

387 2714 507 2769 45.
560 2701 852 2752 Sensualis
902 2702 1076 2753 homo
1131 2703 1353 2764 dicitur,
1394 2702 1549 2768 cujus
1603 2703 1891 2753 internum
1930 2709 2159 2753 tantum

290 2786 378 2830 θεῖ
407 2787 708 2830 externum
738 2787 798 2830 ut
832 2779 970 2830 nihil
998 2779 1195 2830 credat
1225 2781 1327 2830 nisi
1355 2780 1506 2846 quod
1539 2787 1733 2846 potest
1762 2780 1939 2830 oculis
1966 2781 2158 2830 videre

291 2865 349 2908 et
395 2858 652 2908 manibus
691 2865 960 2924 tangere:
1010 2859 1055 2908 is
1088 2866 1176 2909 est
1215 2857 1405 2909 infime
1446 2858 1720 2910 naturalis
1770 2858 1960 2920 homO,
2004 2867 2061 2910 et
2103 2859 2158 2909 in

290 2935 526 2987 fallaciis
559 2937 629 2987 de
658 2937 917 2988 omnibus
946 2955 1089 3004 quae
1118 2937 1246 2988 fidei
1275 2937 1552 2988 ecclesiae
1582 2945 1731 2988 sunt.

388 3020 511 3085 46.
565 3020 860 3069 Internum
901 3028 958 3070 et
998 3027 1322 3079 externum,
1353 3019 1423 3070 de
1461 3019 1662 3086 quibus
1700 3019 1889 3070 actum
1928 3027 2034 3080 est,
2069 3027 2158 3070 θεῖ

290 3095 573 3148 internum
614 3104 672 3147 et
713 3104 1016 3147 externum
1060 3098 1286 3163 spiritus
1326 3096 1607 3160 hominis;
1657 3114 1859 3163 corpus
1900 3097 2016 3162 ejus
2067 3106 2155 3148 θεῖ

275 3175 463 3226 'modo
514 3183 816 3226 externum
864 3176 1309 3241 superadditum,
1344 3176 1493 3225 intra
1540 3176 1689 3241 quod
1729 3175 1827 3226 illa
1865 3177 2155 3226 existunt:

291 3271 494 3320 corpus
523 3255 671 3305 enim
704 3253 842 3304 nihil
875 3272 949 3304 ex
983 3271 1041 3304 εθ
1075 3255 1212 3319 agit,
1238 3254 1338 3303 sed
1367 3271 1441 3304 ex
1470 3271 1571 3303 suo
1605 3255 1800 3319 spiritu
1834 3255 1926 3320 qui
1959 3254 2013 3303 in
2042 3253 2157 3304 illo.

287 3332 596 3384 Sciendum
647 3340 734 3384 est
780 3333 930 3399 quod
976 3333 1203 3399 spiritus
1254 3332 1497 3382 hominis
1549 3340 1680 3398 post
1732 3331 2076 3382 solutionem
2126 3351 2161 3382 a

292 3428 526 3478 corpore
548 3429 725 3477 aeque
757 3412 977 3477 cogitet
1006 3419 1062 3462 θῖ
1092 3411 1248 3471 velit,
1274 3427 1338 3461 ac
1369 3410 1632 3476 loquatur
1661 3418 1719 3460 et
1752 3410 1919 3461 faciat
1947 3428 1958 3473 ;
2001 3412 2158 3475 cogi-

293 3497 415 3540 tare
449 3497 507 3541 et
538 3489 685 3540 velle
718 3497 806 3540 est
839 3489 954 3555 ejus
994 3490 1295 3550 internum,
1332 3505 1397 3539 ac
1432 3488 1584 3555 loqui
1619 3496 1677 3539 et
1705 3489 1886 3539 facere
1921 3497 2008 3539 θεῖ
2042 3488 2158 3553 ejus

293 3572 616 3615 externum.
707 3578 788 3626 (De
823 3590 904 3625 quo
928 3579 1110 3616 videatur
1133 3579 1174 3615 in
1203 3590 1323 3626 opere
1356 3580 1417 3615 De
1450 3579 1563 3616 Caelo
1595 3578 1651 3626 [et
1683 3579 1874 3628 bgferno]
1901 3590 1939 3615 n.
1970 3587 2144 3625 234—245

293 3645 480 3692 265-275·
505 3656 694 3694 432-444›
718 3648 926 3694 453-484·)
