2496 4250
503 441 583 481 ET
622 441 760 494 EJUS
800 440 1130 482 DOCTRINA
1168 441 1624 482 CAELEST1.——N.
1660 443 1771 497 107.
2009 432 2083 498 69

308 582 455 685 guod
487 583 640 627 homo
671 583 736 627 sit
767 582 895 627 sicut
916 582 1102 633 hortus,
1136 583 1266 639 apud
1299 596 1446 639 quem
1478 582 1692 626 charitas
1724 589 1774 626 et
1811 582 1932 626 fides
1965 597 2081 626 con-

224 641 304 685 'un
357 656 414 686 ae
428 650 557 692 sunt;
583 642 670 685 sed
686 642 815 685 Sicut
830 642 1092 691 desertum,
1106 642 1236 697 apud
1253 655 1399 698 quem
1419 655 1516 684 non
1533 640 1827 698 conjunctae
1848 645 1913 695 (n.
1930 642 2079 696 7626).

307 699 455 758 Quod
478 699 630 744 homo
651 708 845 743 tantum
870 701 1068 743 recedat
1089 714 1118 743 a
1140 701 1393 756 sapientia,
1413 708 1652 756 quantum
1679 713 1708 742 a
1733 700 1998 750 charitate;
2031 708 2081 743 et

216 759 352 816 quod
377 758 425 802 in
449 758 726 816 ignorantia
748 759 809 802 de
830 759 958 802 veris
984 758 1176 802 Divinis
1199 760 1298 802 sint
1321 758 1403 815 qui
1432 772 1531 801 non
1555 759 1604 801 in
1626 758 1879 808 charitate,
1904 767 2079 801 utcun-

218 830 315 875 que
340 830 392 861 se
414 817 623 860 credunt
644 830 812 873 sapere
841 819 907 871 (n.
932 817 1087 872 2416[?
1113 819 1259 872 2417],
1286 819 1434 872 2435).

306 874 452 934 Quod
479 875 582 919 vita
606 876 827 932 angelica
851 875 1090 919 consistat
1122 875 1171 918 in
1198 876 1341 919 bonis
1367 875 1633 925 charitatis,
1656 888 1781 932 quae
1807 883 1922 919 sunt
1948 889 2078 926 usus,

216 933 523 991 praestandis
547 936 612 988 (n.
635 937 756 989 454).

305 991 451 1050 Quod
474 993 635 1049 angeli
658 993 949 1049 spirituales,
973 993 1056 1049 qui
1081 1002 1196 1036 sunt
1219 994 1302 1049 qui
1330 993 1379 1035 in
1406 994 1539 1036 bono
1562 992 1830 1043 charitatis,
1854 993 1954 1037 sint
1980 993 2077 1036 for-

216 1063 325 1094 mae
346 1051 601 1095 charitatis
625 1052 691 1107 (n.
718 1061 813 1106 553,
839 1051 965 1106 3804,
988 1054 1140 1107 4735).

303 1147 450 1208 Quod
474 1149 641 1193 omnia
661 1163 778 1193 vera
799 1149 1070 1206 spiritualia
1092 1149 1315 1207 spectent
1338 1151 1629 1194 charitatem
1653 1159 1707 1194 ut
1732 1165 1875 1194 suum
1900 1151 2078 1208 princi-

215 1206 350 1264 pium
375 1215 424 1251 et
448 1207 593 1251 finem
617 1211 682 1263 (n.
703 1211 855 1264 4353).

303 1264 451 1324 Quod
478 1266 768 1310 doctrinalia
789 1267 1022 1311 ecclesiae
1050 1267 1171 1310 nihil
1198 1267 1394 1317 faciant,
1419 1268 1511 1312 11151
1538 1267 1761 1325 spectent
1783 1268 2075 1312 charitatem

213 1331 269 1367 ut
291 1324 438 1368 finem
463 1327 528 1382 (n.
553 1337 680 1380 2049,
706 1326 855 1379 2116).

301 1422 448 1482 Quod
486 1425 762 1481 praesentia
801 1425 1001 1468 Domini
1039 1426 1169 1482 apud
1209 1427 1435 1469 homines
1477 1435 1527 1469 et
1569 1427 1771 1483 angelos
1808 1441 1859 1470 se
1897 1427 2077 1470 habeat

213 1483 483 1527 secundum
508 1491 691 1527 statum
715 1484 895 1527 amoris
918 1493 967 1527 et
989 1484 1242 1527 charitatis
1266 1499 1436 1528 eorum
1462 1487 1527 1540 (n.
1550 1485 1680 1541 649[?
1707 1487 1822 1540 549],
1846 1487 1968 1541 904).

350 1542 449 1585 uod
472 1542 686 1586 charitas
718 1543 781 1586 sit
801 1543 963 1600 imago
988 1543 1080 1586 Dei
1110 1545 1176 1598 (n.
1204 1547 1350 1598 1013).

349 1600 448 1643 uod
489 1601 620 1644 intus
659 1601 707 1644 in
745 1601 986 1645 charitate
1022 1602 1086 1645 sit
1123 1616 1262 1645 amor
1299 1602 1347 1645 in
1387 1602 1673 1652 Dominum,
1709 1603 1779 1647 ita
1817 1602 2074 1654 Dominus,

210 1659 407 1703 tametsi
431 1659 584 1702 homo
606 1659 655 1702 id
679 1660 835 1703 nescit
859 1662 924 1714 (n.
949 1671 1075 1713 2227.
1103 1661 1228 1715 5066,
1256 1661 1403 1720 5067).

300 1716 446 1775 Quod
464 1718 547 1774 qui
571 1718 825 1762 charitatis
842 1720 995 1762 vitam
1013 1720 1200 1769 vivunt,
1219 1721 1410 1776 accepti
1428 1721 1559 1764 cives
1577 1721 1676 1765 sint
1692 1729 1794 1764 tam
1820 1721 1868 1764 in
1888 1722 2075 1765 mundo

210 1789 358 1833 quam
381 1776 430 1819 in
452 1778 589 1820 03610
613 1779 678 1831 (n.
707 1779 852 1832 1121).

299 1833 447 1892 Quod
470 1849 570 1878 non
593 1836 880 1879 violandum
903 1836 966 1880 sit
989 1837 1173 1880 bonum
1197 1838 1452 1882 charitatis
1477 1840 1542 1894 (n.
1562 1839 1712 1894 2359).

297 1933 446 1993 Quod
472 1936 555 1993 qui
583 1950 682 1980 non
711 1936 759 1980 in
786 1937 1026 1982 charitate
1050 1946 1177 1988 sunt,
1202 1953 1301 1982 non
1330 1940 1520 1996 possint
1546 1954 1812 1998 agnoscere
1838 1949 1888 1984 et
1914 1942 2077 1985 colere

211 1992 495 2044 Dominum,
520 1994 612 2039 nisi
635 2009 696 2039 ex
719 1995 965 2054 hypocrisi
986 1998 1051 2052 (n.
1077 2009 1204 2052 2132,
1226 2010 1356 2051 4424,
1380 1998 1530 2053 9833).

296 2051 443 2111 Quod
466 2053 654 2098 formae
672 2055 774 2098 odii
797 2063 846 2098 et
868 2055 1125 2100 charitatis
1148 2070 1248 2101 non
1272 2057 1464 2113 possint
1486 2057 1633 2101 simul
1657 2072 1763 2102 esse
1788 2059 1854 2114 (n.
1883 2058 2029 2114 1860).

294 2199 438 2247 10¹7.
483 2188 576 2234 His
602 2190 880 2247 adjicienda
906 2199 1024 2235 sunt
1049 2191 1215 2248 aliqua
1241 2193 1302 2236 de
1332 2191 1571 2236 Doctrina
1598 2193 1798 2239 Amoris
1827 2196 1876 2239 in
1901 2196 2074 2242 Domi-

206 2269 352 2307 num;
394 2266 445 2300 et
477 2258 538 2300 de
570 2257 808 2301 Doctrina
838 2257 1118 2310 Charitatis,
1150 2259 1271 2303 haec
1303 2260 1460 2316 qualis
1493 2260 1652 2304 fuerat
1680 2263 1910 2319 antiquis,
1942 2266 2072 2322 apud

205 2337 330 2380 quos
356 2323 450 2368 fuit
475 2325 706 2376 ecclesia;
743 2333 799 2368 ut
830 2326 1014 2370 sciatur
1036 2327 1193 2383 qualis
1226 2327 1347 2371 haec
1380 2326 1616 2378 doctrina,
1641 2343 1767 2385 quae
1801 2331 1949 2376 hodie
1972 2347 2072 2376 non

205 2398 293 2440 est,
318 2391 452 2447 prius
475 2391 658 2436 fuerat:
690 2392 838 2436 etiam
862 2407 921 2436 ex
942 2396 1157 2436 Arcanz‘s
1181 2395 1459 2437 Caeleslz'bus
1487 2397 1552 2450 (n.
1572 2406 1626 2449 72
1634 2397 1855 2453 57-7263)
1875 2412 1945 2442 :—

295 2457 488 2501 Bonum
517 2460 650 2516 quod
678 2469 754 2503 est
779 2460 963 2504 amoris
997 2461 1045 2503 in
1076 2461 1360 2509 Dominum,
1388 2471 1597 2505 vocatur
1622 2465 1806 2507 bonum
1835 2467 2072 2518 caeleste:

204 2531 254 2567 et
284 2525 470 2568 bonum
502 2527 635 2582 quod
669 2536 744 2571 est
775 2527 956 2571 amoris
982 2542 1098 2585 erga
1130 2530 1423 2585 proximum,
1451 2543 1537 2573 seu
1570 2531 1838 2583 charitatis,
1866 2543 2074 2577 vocatur

203 2591 389 2635 bonum
422 2592 690 2648 spirituale.
763 2595 943 2652 Angeli
976 2595 1062 2652 qui
1097 2596 1144 2639 in
1179 2596 1355 2639 intimo
1388 2612 1475 2641 seu
1508 2598 1657 2642 tertio
1690 2600 1827 2643 caelo
1860 2610 1990 2651 sunt,
2020 2602 2069 2644 in

202 2658 336 2703 bono
361 2659 541 2704 amoris
569 2660 618 2703 in
647 2661 916 2705 Dominum
943 2671 1085 2714 sunt;
1120 2663 1233 2708 inde
1260 2664 1328 2706 illi
1354 2673 1599 2708 vocantur
1623 2667 1784 2723 angeli
1808 2668 2071 2712 caelestes:

203 2726 364 2783 angeli
391 2734 556 2770 autem
580 2728 664 2784 qui
699 2728 747 2771 in
781 2729 946 2773 medio
973 2743 1058 2773 seu
1086 2732 1306 2774 secundo
1333 2733 1469 2775 caelo
1496 2742 1623 2782 sunt,
1654 2734 1702 2776 in
1731 2735 1862 2778 bono
1889 2736 2070 2779 amoris

203 2805 319 2850 erga
341 2793 618 2849 proximum
641 2803 782 2846 sunt:
816 2796 931 2839 inde
958 2796 1026 2839 illi
1049 2807 1291 2840 vocantur
1313 2799 1473 2856 angeli
1497 2801 1787 2856 spirituales.

293 2859 532 2904 Doctrina
553 2862 669 2905 boni
687 2863 926 2913 caelestis,
945 2877 1071 2920 quae
1093 2874 1168 2908 est
1191 2866 1371 2909 amoris
1395 2866 1444 2908 in
1471 2866 1756 2918 Dominum,
1775 2877 1850 2913 est
1872 2870 2070 2926 amplis-

202 2925 327 2970 sima
357 2935 407 2970 et
437 2928 583 2971 simul
606 2929 934 2980 arcanissima,
958 2939 1034 2974 est
1067 2932 1198 2974 enim
1227 2931 1451 2976 doctrina
1484 2935 1768 2991 angelorum
1795 2935 1954 2978 intimi
1982 2951 2068 2980 seu

201 2994 334 3038 tertii
356 2995 491 3044 caeli,
515 3009 640 3053 quae
661 2996 772 3040 talis
795 3005 882 3047 est,
903 3006 971 3047 ut,
995 2998 1034 3042 si
1059 2999 1258 3042 daretur
1280 3013 1338 3042 ex
1361 3013 1445 3043 ore
1469 3000 1678 3051 illorum,
1702 3002 1784 3045 vix
1807 3003 2066 3046 millesima

202 3074 312 3118 pars
334 3062 712 3119 intelligeretur;
744 3073 859 3107 sunt
886 3078 1082 3121 quoque
1107 3066 1373 3109 ineffabilia
1394 3081 1519 3123 quae
1542 3069 1776 3112 continet.
1837 3069 1925 3112 Illa
1951 3070 2067 3114 doc-

199 3128 330 3172 trina
346 3129 629 3172 continetur
650 3130 698 3172 in
727 3144 872 3174 sensu
897 3131 1073 3175 intimo
1092 3132 1240 3176 Verbi
1257 3148 1265 3182 ;
1300 3132 1525 3177 doctrina
1541 3143 1707 3178 autem
1727 3136 1907 3179 amoris
1925 3136 2066 3193 spiri-

200 3194 348 3238 tualis
370 3195 418 3237 in
441 3209 586 3239 sensu
610 3196 818 3241 interno.
1903 3204 1906 3208 ”

289 3260 529 3305 Doctrina
560 3263 676 3306 boni
710 3264 990 3320 spiritualis,
1024 3279 1149 3322 quae
1188 3275 1262 3309 est
1299 3268 1480 3311 amoris
1513 3281 1628 3325 erga
1661 3269 1956 3324 proximum,
1989 3280 2065 3314 est

200 3341 396 3385 quoque
418 3330 582 3386 ampla
606 3338 655 3373 et
682 3344 884 3381 arcana;
917 3332 1002 3375 sed
1031 3333 1188 3376 multo
1213 3334 1375 3376 minus
1398 3348 1543 3389 quam
1570 3334 1794 3379 doctrina
1817 3336 1932 3379 boni
1956 3351 2064 3381 cae-

198 3394 348 3445 lestis,
381 3409 506 3452 quae
537 3405 612 3440 est
643 3398 825 3442 amoris
859 3399 907 3441 in
943 3399 1228 3443 Dominum.
1298 3399 1444 3457 Quod
1479 3401 1704 3445 doctrina
1735 3404 1916 3447 amoris
1949 3418 2065 3462 erga

163 3513 166 3516 ῃ
199 3462 491 3518 proximum,
519 3477 604 3507 seu
637 3465 905 3515 charitatis,
933 3466 997 3509 sit
1029 3468 1204 3523 ampla,
1235 3468 1348 3510 inde
1380 3476 1605 3512 constare
1638 3477 1815 3525 potest,
1844 3472 1977 3527 quod
2010 3487 2063 3516 se

198 3529 432 3572 extendat
448 3530 510 3572 ad
533 3531 701 3574 omnia
722 3540 772 3575 et
793 3532 986 3590 singula
1002 3547 1127 3590 quae
1147 3535 1297 3577 homo
1316 3535 1501 3591 cogitat
1519 3543 1569 3578 et
1585 3537 1704 3585 vult,
1725 3537 1792 3580 ita
1809 3538 1870 3580 ad
1894 3539 2064 3582 omnia

198 3609 325 3652 quae
355 3597 576 3654 loquitur
606 3606 656 3642 et
692 3600 817 3657 agit;
859 3609 966 3643 tum
999 3602 1132 3657 quod
1167 3602 1380 3645 charitas
1413 3616 1512 3646 non
1546 3603 1691 3646 detur
1722 3605 1895 3650 similis
1928 3608 2057 3663 apud

198 3676 350 3706 unum
383 3671 438 3708 ut
469 3665 599 3722 apud
633 3666 866 3718 alterum;
905 3681 995 3711 nec
1027 3668 1159 3724 quod
1196 3669 1445 3724 proximus
1477 3670 1541 3713 sit
1574 3670 1746 3715 similis
1773 3685 1899 3716 unus
1931 3673 2059 3717 sicut

198 3729 334 3775 alter.
1351 3755 1354 3757 ·
