2496 4250
442 445 503 497 14
1224 446 1510 487 conoms,

1098 868 1185 909 LE
1187 869 1332 909 MMA
1364 869 1637 911 PRIMUM

438 1025 727 1111 [QUOD
761 1028 1209 1105 QUATUOR
1241 1028 1724 1089 ECCLESIAE
1757 1030 1849 1090 IN
1885 1031 2070 1094 HAC
2098 1033 2288 1095 TEL-

684 1123 1037 1303 ἓὲΙΙῖῙΙξΓΞΙᾹ
1091 1123 1243 1183 DIE
1295 1124 1837 1186 CREATIONIS
1890 1126 2094 1213 EJUS
2148 1129 2292 1192 FU-

531 1493 595 1534 2.
644 1481 717 1540 (1⁰.)
759 1482 901 1539 Quod
921 1487 1142 1549 quatuor·
1163 1483 1429 1535 Ecclesiae
1453 1484 1504 1535 in
1526 1484 1627 1535 hac
1652 1485 1835 1536 tellure
1861 1501 1893 1534 α
1918 1485 1997 1535 dle
2022 1484 2300 1536 σνοαϋοηίε

433 1556 544 1623 ejus
581 1556 802 1608 fuerint:
853 1557 1038 1624 prima,
1076 1575 1208 1625 quae
1249 1560 1472 1609 vocanda
1509 1564 1594 1610 est
1624 1559 1898 1620 fidamiocu
1944 1560 2131 1619 alter-a,
2169 1575 2299 1627 quae

432 1631 687 1682 Moaohica
698 1649 721 1692 ,⁶
758 1632 930 1691 tet-tia,
952 1649 1083 1699 quae
1108 1633 1397 1684 Israelitica
1407 1651 1431 1694 ,·
1467 1638 1522 1684 et
1543 1638 1747 1700 quarta,
1769 1651 1900 1702 quae
1926 1634 2298 1686 Christiana.—

433 1706 601 1774 Quod
629 1708 868 1776 'quatuor
895 1708 1189 1760 Ecclesiae
1222 1727 1296 1760 ex
1329 1711 1616 1761 creatione
1649 1712 1840 1762 mundi
1871 1712 1926 1762 in
1958 1711 2062 1762 hac
2096 1710 2297 1763 tellure

431 1787 776 1847 exstiterint,
813 1787 1108 1838 manifeste
1145 1796 1374 1839 constat
1414 1789 1562 1855 apud
1592 1788 1915 1850 Danielem;
1953 1790 2190 1857 primum
2222 1806 2297 1841 ex

431 1873 622 1916 statua
662 1865 1166 1917 Nebuchadnezari
1204 1867 1259 1916 in
1299 1867 1519 1917 somnio
1550 1867 1684 1928 visa,
1720 1874 1778 1918 et
1817 1875 2017 1934 postea
2055 1885 2130 1918 ex
2160 1884 2296 1935 qua-

432 1951 559 1995 tuor
590 1944 786 1995 bestiis
819 1962 892 1995 ex
925 1945 1063 1995 mari
1099 1946 1538 2011 assurgentibus,
1615 1945 1702 1996 De
1734 1953 1924 1997 statua
1956 1945 2296 1998 Nebuchad-

432 2023 646 2074 nezaris
678 2023 817 2073 haec
853 2022 1147 2088 leguntur:

514 2142 636 2184 Dixit
665 2142 838 2191 Daniel,
869 2143 991 2190 “Tu‚
1020 2143 1130 2190 Reiz,
1155 2144 1314 2184 videns
1342 2145 1477 2192 fuisti,
1502 2152 1546 2184 et
1575 2157 1675 2184 ecce
1700 2151 1847 2184 statua
1876 2157 1965 2184 una
1984 2157 2148 2196 magna
2152 2174 2294 2192 .....

648 2205 692 2237 et
713 2199 883 2248 species
904 2198 1001 2248 ejus
1023 2199 1257 2246 excellens,
1284 2207 1409 2239 stans
1439 2212 1463 2238 e
1493 2199 1675 2249 regione
1696 2199 1773 2246 tui.
1801 2207 1846 2238 et
1865 2197 2071 2250 aspectus
2092 2199 2190 2250 ejus
2209 2199 2299 2239 for-

648 2253 882 2292 midabilis.
946 2252 1094 2304 Hujus
1125 2261 1297 2293 statuae
1322 2261 1453 2304 caput
1482 2261 1576 2293 erat
1606 2267 1661 2293 ex
1689 2266 1798 2293 auro
1828 2255 1974 2301 bono3
2016 2251 2170 2305 pecstus
2199 2253 2297 2305 ejus

647 2315 692 2347 et
711 2308 903 2355 brachia,
924 2320 980 2346 ex
999 2317 1185 2358 argento
1203 2319 1212 2354 ;
1243 2316 1399 2348 venter
1420 2308 1515 2359 ejus
1538 2317 1581 2347 et
1602 2309 1778 2348 femora
1797 2308 1909 2359 ejus,
1934 2321 1989 2348 ex
2009 2319 2109 2348 aere
2130 2320 2139 2354 ;
2170 2320 2298 2348 crura

648 2361 746 2413 ejus
766 2375 822 2402 ex
842 2361 986 2410 ferro;
1017 2363 1152 2413 pedes
1174 2362 1271 2413 ejus
1291 2363 1348 2402 ad
1378 2370 1549 2413 partem
1572 2375 1626 2402 ex
1658 2363 1789 2411 ferro,
1815 2370 1858 2403 et
1878 2363 1934 2402 ad
1964 2371 2133 2414 partem
2155 2375 2211 2402 ex
2230 2374 2299 2402 ar·

647 2417 766 2467 gilla.
828 2416 996 2456 Videns
1026 2417 1147 2456 fuisti
1177 2418 1282 2456 dum
1313 2418 1486 2457 excisus
1517 2425 1585 2457 est
1608 2417 1754 2469 Lapis,
1781 2418 1855 2469 qui
1885 2430 1975 2457 non
2011 2429 2091 2468 per
2119 2429 2294 2463 manus,

649 2478 694 2511 et
727 2471 944 2522 percussit
973 2478 1166 2510 statuam
1198 2484 1329 2523 super
1359 2472 1495 2523 pedes
1526 2471 1637 2522 ejus,
1672 2472 1745 2523 qui
1779 2472 1943 2511 ferrum
1979 2479 2022 2511 et
2051 2471 2220 2521 argilla,
2253 2478 2298 2512 et

648 2527 857 2565 contrivit
890 2523 1031 2567 illosffl
1089 2526 1215 2566 Tunc
1250 2527 1440 2566 contrita
1474 2534 1578 2566 sunt
1612 2527 1746 2566 simul
1780 2526 1961 2572 ferrum,
1995 2526 2168 2576 argilla,
2201 2538 2292 2574 aes.

647 2588 880 2630 argentum
902 2589 946 2620 et
965 2593 1121 2620 aurum
1139 2593 1148 2629 ;
1179 2579 1382 2632 factaque
1399 2588 1502 2620 sunt
1522 2581 1636 2621 sicut
1657 2581 1785 2631 palea
1804 2594 1860 2620 ex
1879 2581 1995 2620 areis
2015 2579 2213 2628 aestatis,
2233 2580 2297 2620 ita

649 2643 696 2674 ut
716 2635 947 2674 abstulerit
978 2636 1053 2674 illa
1073 2645 1246 2683 ventus,
1273 2643 1316 2675 et
1344 2636 1458 2676 ullus
1488 2635 1611 2675 locus
1633 2648 1723 2674 non
1754 2636 1962 2675 inventus
1983 2643 2051 2674 est
2081 2634 2193 2674 illis:
2216 2631 2298 2674 La-

649 2690 715 2740 pis
737 2698 885 2728 autern
908 2691 980 2741 qui
1011 2691 1226 2740 percussit
1246 2698 1451 2738 statuam,
1476 2687 1620 2730 factus
1642 2698 1709 2729 est
1736 2690 1780 2729 in
1806 2689 1981 2729 Petram
2003 2700 2228 2739 magnam,
2252 2696 2298 2729 et

650 2744 851 2794 implevit
881 2752 1019 2783 totam
1051 2752 1230 2785 terram.
1293 2776 1302 2785 .
1325 2775 1335 2785 .
1358 2775 1367 2786 .
1389 2776 1399 2786 .
1462 2744 1514 2784 In
1536 2745 1691 2784 diebus
1723 2745 1791 2784 his
1813 2756 1994 2795 surgere
2014 2743 2145 2783 faciet
2170 2742 2293 2783 Deus

650 2799 872 2838 caelorum
903 2811 1104 2848 regnum,
1130 2799 1248 2850 quod
1277 2799 1323 2838 in
1354 2799 1531 2839 saecula
1560 2811 1650 2838 non
1682 2799 1900 2850 perdetur,
1926 2806 1970 2838 et
1990 2809 2176 2848 regnum
2196 2796 2296 2848 eJ'us

647 2850 857 2904 populoffl
888 2854 961 2892 alii
994 2866 1084 2892 non
1121 2854 1424 2904 permittetur;
1467 2861 1665 2892 conteret
1696 2861 1740 2892 et
1771 2860 2003 2892 consumet
2035 2851 2188 2892 omnia
2226 2851 2298 2891 illa

650 2920 801 2958 regna,
826 2907 933 2947 illud
952 2916 1101 2947 autem
1122 2908 1256 2948 stabit
1276 2909 1321 2947 in
1343 2907 1553 2947 saecula”
1575 2907 1711 2958 (Dan.
1732 2908 1776 2948 ii.
1798 2917 1945 2957 31-35,
1969 2904 2097 2957 44[⁸]).

432 3022 600 3090 Quod
644 3023 750 3074 hoc
793 3024 1071 3074 somnium
1112 3040 1225 3074 non
1265 3021 1663 3090 significaverit
1703 3030 1942 3090 quatuor
1979 3039 2156 3089 regna
2193 3039 2294 3090 po·

431 3102 585 3154 litica
629 3102 684 3152 in
730 3101 834 3152 hac
883 3101 1102 3164 tellure,
1147 3102 1247 3153 sed
1293 3101 1442 3169 quod
1487 3109 1727 3168 quatuor
1771 3100 2078 3162 EcclesiaS,
2126 3115 2293 3151 unam

430 3180 594 3232 alteri
626 3197 1030 3241 successuram,
1062 3188 1292 3232 constat
1321 3198 1394 3231 ex
1423 3180 1786 3247 sequentibus
1818 3180 1937 3230 his:
1983 3178 2082 3247 (1.)
2125 3177 2293 3245 Quod

431 3259 569 3311 talia
595 3276 789 3325 regna,
819 3276 989 3310 unum
1018 3268 1147 3326 post
1174 3259 1432 3318 alterum,
1462 3259 1517 3309 in
1551 3259 1654 3309 hac
1684 3258 1885 3309 tellure
1913 3275 2026 3309 non
2053 3258 2294 3309 exstite-

430 3338 558 3389 rint.
639 3336 737 3405 (2.)
783 3336 950 3403 Quod
985 3337 1249 3388 Divinum
1279 3337 1531 3389 Verbum
1558 3338 1613 3387 in
1642 3354 1742 3387 suo
1770 3337 1892 3387 sinu
1919 3353 2032 3386 non
2060 3343 2197 3403 agat
2223 3334 2295 3386 de

429 3417 618 3483 regnis
651 3417 860 3477 mundi,
896 3416 994 3466 sed
1028 3416 1097 3467 de
1131 3415 1420 3476 Ecclesii5‚
1456 3433 1598 3482 quae
1637 3415 1691 3465 in
1724 3415 1885 3465 terris
1924 3414 2134 3465 faciunt
2165 3429 2293 3479 rege

431 3511 564 3546 num
611 3494 731 3546 Dei.
812 3493 910 3561 (3.)
971 3494 1117 3545 Tum
1163 3494 1312 3561 quod
1358 3494 1578 3544 dicatur
1615 3493 1764 3560 quod
1811 3492 1964 3544 Deus
2009 3490 2293 3543 caelorum

430 3589 656 3639 surgere
689 3571 930 3624 facturus
963 3573 1035 3624 sit
1067 3589 1303 3639 regnum
1336 3572 1485 3639 quod
1517 3573 1571 3622 in
1608 3570 1832 3622 saecula
1865 3587 1976 3621 non
2010 3569 2288 3637 perdetur,

430 3659 487 3702 et
521 3651 669 3718 quod
711 3650 850 3717 lapis
884 3668 996 3701 non
1038 3668 1134 3717 per
1166 3667 1363 3701 manus
1403 3651 1625 3700 excisus
1664 3647 1840 3700 sac'tus
1873 3649 1943 3699 sit
1983 3649 2037 3699 in
2073 3655 2290 3715 petram

430 3745 697 3795 magnam
725 3746 866 3796 quae
895 3728 1149 3795 implevit
1178 3736 1361 3780 totam
1391 3736 1614 3779 terram.
1695 3725 1793 3794 (4.)
1836 3727 1912 3778 Et
1941 3727 2067 3793 quia
2095 3725 2290 3776 Domi-
