2496 4250
565 472 644 512 ET
685 471 823 525 EJUS
862 471 1192 512 DOCTRINA
1231 472 1689 512 CAELEST1.—N.
1725 473 1835 527 197.
2037 474 2133 527 117

358 605 505 671 Quod
531 612 579 656 in
596 612 954 656 tentationibus
971 612 1131 670 angeli
1155 626 1184 656 a
1204 612 1422 656 Domino
1439 620 1642 656 teneant
1659 612 1911 656 hominem
1938 612 1985 654 in
2008 612 2136 656 veris

258 670 320 715 'et
341 671 484 714 bonis
502 685 627 728 quae
650 671 779 727 apud
809 671 958 720 illum,
983 671 1096 714 mali
1124 680 1289 714 autem
1314 672 1513 727 spiritus
1539 672 1584 714 in
1614 671 1747 714 falsis
1770 680 1819 714 et
1848 671 1987 714 malis
2009 684 2136 727 (11136

268 730 399 787 apud
424 730 585 781 illum;
618 729 732 773 inde
755 727 1015 773 conflictus
1038 738 1088 773 et
1112 744 1278 787 pugna
1309 734 1371 785 (n.
1395 732 1546 784 4249).

357 841 503 900 Quod
523 841 733 884 tentatio
756 841 819 885 sit
843 855 1007 898 pugna
1031 841 1157 885 inter
1174 842 1424 885 hominem
1453 842 1698 885 internum
1723 855 1807 885 seu
1830 841 2136 898 spiritualem

268 909 319 945 et
342 900 469 944 inter
490 909 746 944 externum
774 914 859 943 seu
883 900 1156 943 naturalem
1185 903 1248 955 (n.
1275 900 1401 954 2183,
1425 901 1575 955 4256).

361 959 437 1002 Ita
459 959 585 1002 inter
599 959 819 1015 jucunda
842 958 1019 1002 interni
1044 967 1092 1002 61
1115 959 1304 1002 externi
1330 959 1558 1008 hominis,
1578 973 1703 1015 quae
1726 967 1846 1002 tunc
1865 958 1958 1003 sibi
1982 971 2138 1015 oppo-

267 1017 363 1062 sita
383 1026 499 1061 sunt
525 1019 588 1073 (n.
613 1017 740 1073 3928,
765 1017 947 1073 10351[?
966 1017 1134 1072 8351]).

408 1077 504 1120 uod
528 1076 707 1119 existat
730 1085 931 1132 propter
952 1076 1215 1119 discidium
1241 1076 1367 1118 inter
1392 1076 1472 1118 illa
1499 1078 1562 1130 (n.
1589 1076 1737 1131 3928).

382 1143 434 1178 ta
455 1135 589 1192 quod
612 1143 788 1192 agatur
809 1136 869 1178 de
893 1135 1116 1178 dominio
1139 1135 1286 1178 unius
1309 1148 1454 1191 super
1475 1136 1685 1177 alterum
1712 1137 1776 1188 (n.
1802 1134 1927 1190 3928,
1954 1134 2104 1190 8961).

356 1245 503 1348 Qtuod
527 1261 673 1290 nemo
695 1247 874 1291 tentari
899 1247 1067 1303 possit,
1092 1246 1184 1290 nisi
1208 1247 1272 1290 sit
1300 1247 1347 1289 in
1372 1247 1627 1304 agnitione
1648 1247 1749 1290 veri
1778 1255 1827 1289 et
1854 1246 1984 1295 boni,
2009 1254 2057 1290 et
2085 1246 2135 1288 in

267 1305 387 1349 affec
416 1306 527 1349 ione
566 1306 774 1355 illorum,
808 1306 1042 1362 quoniam
1081 1306 1265 1362 alioqui
1305 1319 1403 1348 non
1445 1306 1499 1347 fit
1538 1319 1715 1362 pugna,
1752 1319 1850 1348 non
1890 1306 2020 1348 enim
2060 1314 2136 1348 est

267 1364 521 1421 spirituale
544 1378 694 1422 agens
717 1374 891 1408 contra
914 1365 1147 1414 naturale,
1173 1364 1240 1407 ita
1264 1378 1360 1408 non
1388 1365 1448 1407 de
1472 1363 1694 1407 dominio
1721 1365 1784 1419 (n.
1810 1364 1936 1419 3928,
1960 1364 2112 1419 4299).

356 1421 503 1540 guod
523 1423 561 1467 is
576 1432 796 1466 tentetur
807 1424 891 1480 qui
907 1423 1120 1479 aliquam
1137 1423 1288 1466 vitam
1306 1423 1608 1479 spiritualem
1628 1421 1798 1466 11361115
1815 1432 1889 1466 651
1905 1424 1968 1477 (11.
1984 1423 2135 1477 8963).

406 1482 503 1526 11οό
537 1483 839 1526 tentationes
872 1482 1087 1525 existant
1119 1482 1249 1538 apud
1285 1482 1395 1525 illos
1427 1483 1510 1538 qui
1549 1482 1903 1525 conscientiam
1938 1481 2135 1530 habent,

268 1540 336 1584 ita
357 1540 442 1597 qui
467 1541 515 1583 in
538 1554 706 1584 amore
729 1541 971 1597 spirituali
995 1549 1134 1591 sunt;
1167 1541 1418 1598 graviores
1440 1549 1605 1583 autem
1630 1541 1759 1596 apud
1786 1541 1893 1584 illos
1917 1540 2000 1596 qui
2029 1554 2137 1596 per-

267 1599 560 1656 ceptionem,
586 1600 655 1643 ita
676 1600 760 1656 qui
785 1600 832 1642 in
856 1613 1024 1643 amore
1046 1599 1244 1643 caelesti
1269 1608 1384 1643 sunt
1411 1602 1475 1654 (n.
1504 1599 1627 1648 1668,
1651 1599 1801 1654 8963).

358 1657 507 1716 Quod
527 1659 707 1701 mortui
732 1659 971 1708 homines,
992 1659 1087 1701 hoc
1110 1667 1197 1706 est,
1217 1659 1300 1714 qui
1324 1672 1423 1701 non
1449 1659 1497 1700 in
1522 1658 1618 1701 fide
1636 1667 1685 1701 et
1708 1671 1875 1701 amore
1900 1657 1948 1700 in
1975 1657 2136 1700 Deum

268 1724 319 1760 et
351 1716 399 1759 in
432 1731 598 1762 amore
631 1731 746 1774 erga
778 1718 1055 1774 proximum
1090 1726 1217 1766 sunt,
1246 1731 1345 1760 non
1380 1717 1706 1760 admittantur
1739 1717 1787 1759 in
1820 1717 2135 1766 tentationes,

268 1775 502 1833 quoniam
525 1777 902 1819 succumberent
929 1777 992 1831 (n.
1019 1787 1115 1829 270,
1139 1788 1267 1829 4274,
1291 1788 1420 1831 4299,
1445 1775 1572 1830 8964,
1598 1775 1746 1830 8968).

356 1833 504 1892 Quod
530 1834 642 1878 ideo
666 1835 807 1891 pauci
832 1835 980 1878 hodie
1006 1835 1053 1877 in
1077 1835 1378 1878 tentationes
1402 1835 1679 1890 spirituales
1708 1836 1773 1887 (n.
1799 1834 1948 1889 8965).

356 1894 453 1937 Sed
486 1894 619 1950 quod
655 1895 748 1937 illis
780 1894 880 1937 sint
912 1894 1186 1937 anxietates
1221 1903 1421 1950 propter
1452 1894 1611 1936 varias
1643 1906 1814 1936 causas
1849 1893 1897 1935 in
1932 1893 2134 1941 mundo,

266 1965 392 2008 quae
415 1951 626 2002 fuerunt,
646 1966 771 2009 quae
790 1961 918 2001 sunt,
934 1962 983 1996 et
1001 1966 1126 2009 quae
1145 1952 1310 1995 futura
1332 1961 1471 2002 sunt;
1505 1965 1631 2008 quae
1648 1965 1822 1995 causae
1841 1950 2137 2008 conjunCtae

269 2011 430 2054 solent
446 2025 552 2055 esse
569 2025 682 2054 cum
707 2011 992 2055 infirmitate
1010 2011 1160 2054 animi
1184 2024 1241 2054 ac
1266 2011 1589 2054 invalitudine
1612 2011 1855 2067 corporis;
1889 2024 2016 2067 quae
2035 2024 2135 2053 non

268 2078 384 2114 sunt
406 2070 679 2114 anxietates
702 2071 1032 2113 tentationum
1062 2072 1126 2125 (n.
1151 2069 1248 2123 762,
1274 2070 1423 2122 8164).
1709 2071 1714 2077 “

355 2127 504 2186 Quod
526 2129 829 2172 tentationes
852 2129 1131 2185 spirituales
1153 2127 1448 2185 conjunctae
1470 2129 1662 2172 soleant
1685 2142 1791 2172 esse
1818 2141 1927 2171 cum
1953 2127 2137 2171 dolori-

267 2187 360 2231 bus
381 2187 614 2243 corporis,
637 2196 687 2231 et
713 2201 813 2230 non
836 2187 1132 2244 conjunctae
1159 2189 1222 2242 (n.
1247 2187 1397 2242 8164).

355 2245 503 2304 Quod
526 2254 683 2290 status
705 2247 1037 2290 tentationum
1065 2247 1129 2290 sit
1156 2246 1440 2289 immundus
1468 2254 1516 2289 et
1544 2245 1810 2302 squalidus,
1835 2245 1951 2302 quia
1978 2244 2137 2302 injici-

266 2312 416 2348 untur
439 2306 567 2348 mala
588 2314 638 2349 et
660 2305 793 2354 falsa,
821 2314 871 2348 et
893 2319 1090 2362 quoque
1113 2305 1263 2348 dubia
1285 2306 1346 2348 de
1370 2306 1512 2348 bonis
1534 2313 1584 2347 et
1606 2304 1733 2348 veris
1759 2306 1822 2360 (n.
1852 2304 1997 2359 5246).

354 2363 482 2406 Tum
510 2364 626 2420 quia
658 2364 705 2406 in
738 2365 1098 2407 tentationibus
1125 2372 1241 2407 sunt
1268 2363 1648 2420 indignationes,
1676 2363 1871 2406 dolores
1897 2362 2062 2412 animi,
2087 2369 2138 2406 et

266 2422 430 2479 plures
452 2422 737 2466 affectiones
761 2436 859 2466 non
883 2424 1042 2466 bonae
1073 2425 1136 2477 (n.
1166 2433 1288 2477 1917,
1313 2423 1463 2477 6829).

356 2480 503 2583 guod
527 2481 675 2524 etiam
700 2481 764 2524 sit
786 2483 1050 2525 obscurum
1075 2491 1124 2524 et
1147 2482 1352 2524 dubium
1378 2482 1438 2523 de
1463 2481 1559 2523 fine
1586 2482 1650 2535 (n.
1679 2480 1802 2529 1820,
1827 2480 1979 2535 6829).

401 2549 421 2582 t
438 2554 636 2597 quoque
654 2541 715 2583 de
741 2540 922 2584 Divina
939 2540 1252 2596 providentia
1270 2549 1319 2583 et
1336 2540 1593 2583 auditione
1609 2555 1618 2590 ;
1650 2539 1885 2595 quoniam
1906 2539 1954 2581 in
1976 2546 2136 2581 tenta-

267 2599 486 2643 tionibus
509 2613 676 2655 preces
694 2613 792 2643 non
818 2600 886 2642 ita
908 2599 1177 2642 audiuntur
1197 2599 1325 2642 sicut
1348 2607 1486 2642 extra
1509 2599 1614 2642 illas
1644 2600 1707 2653 (n.
1733 2599 1882 2652 8179).

357 2657 418 2701 Ε1
441 2658 557 2715 (11113
579 2659 744 2708 homo,
763 2672 874 2701 cum
899 2659 948 2700 in
971 2659 1249 2701 tentatione
1272 2667 1360 2707 est,
1379 2658 1470 2701 sibi
1494 2657 1721 2700 videatur
1743 2657 1791 2699 in
1816 2655 2137 2699 damnatione

265 2730 372 2761 esse
397 2718 462 2772 (n.
485 2717 636 2772 6097).

356 2774 518 2820 Causa
543 2776 675 2832 quod
710 2776 779 2819 ita
812 2775 889 2826 sit,
917 2784 1005 2825 est,
1030 2775 1146 2832 quia
1178 2775 1329 2818 homo
1357 2775 1506 2818 sentit
1533 2775 1662 2818 clare
1687 2787 1814 2831 quae
1847 2773 1895 2816 in
1930 2781 2136 2817 externo

266 2834 468 2878 homine
494 2834 632 2884 fiunt,
661 2835 730 2878 ita
754 2849 880 2891 quae
907 2835 1021 2877 mali
1049 2835 1249 2890 spiritus
1277 2834 1505 2890 injiciunt
1532 2842 1582 2876 et
1608 2841 1832 2882 evocant,
1861 2832 2135 2875 secundum

266 2907 394 2950 quae
425 2893 575 2937 etiam
608 2894 760 2936 homo
793 2895 854 2936 de
887 2907 976 2937 suo
1003 2901 1135 2937 statu
1163 2893 1372 2950 cogitat;
1410 2906 1509 2935 non
1544 2901 1708 2935 autem
1742 2891 1894 2934 sentit
1926 2904 2051 2947 quae
2085 2890 2135 2932 in

267 2952 464 2996 interno
491 2953 691 2996 homine
719 2952 856 3002 fiunt,
885 2952 955 2995 ita
986 2965 1112 3008 quae
1146 2966 1232 3007 per
1257 2952 1459 3008 angelos
1492 2965 1520 2993 a
1554 2950 1771 2993 Domino
1798 2950 2037 2999 influunt;
2075 2962 2136 2991 ex

266 3011 444 3068 quibus
467 3011 579 3054 ideo
602 3025 692 3054 nec
714 3012 775 3054 de
798 3019 930 3055 statu
954 3024 1045 3054 suo
1066 3011 1287 3067 judicare
1310 3018 1474 3066 potest
1500 3013 1563 3064 (n.
1594 3009 1745 3065 10236,
1775 3010 1949 3062 10240).

351 3123 499 3183 Quod
541 3125 842 3169 tentationes
883 3125 1207 3182 utplurimum
1246 3124 1579 3181 perducantur
1619 3123 1680 3166 ad
1725 3122 2135 3178 desperationem,

267 3194 393 3237 quae
414 3192 490 3227 est
513 3184 740 3227 ultimum
765 3185 957 3227 illarum
984 3186 1048 3240 (n.
1082 3184 1204 3237 1787,
1230 3183 1356 3238 2694,
1386 3193 1508 3238 5279,
1541 3182 1665 3237 5280,
1693 3182 1821 3234 6144,
1851 3191 1978 3234 7147,
2006 3190 2135 3236 7155,

267 3242 395 3293 7166,
419 3242 546 3298 8165,
571 3243 719 3298 8567).

357 3299 545 3344 Causae
571 3303 636 3356 (n.
661 3302 809 3357 2694).

357 3359 505 3417 Quod
530 3360 577 3402 in
603 3361 707 3416 ipsa
727 3360 1007 3404 tentatione
1035 3360 1183 3403 etiam
1208 3359 1307 3403 sint
1330 3358 1715 3414 desperationes,
1735 3357 1821 3400 sed
1848 3356 1982 3413 quod
2009 3356 2136 3399 desi-

271 3427 392 3460 nant
414 3418 463 3460 in
487 3431 801 3462 communem
828 3421 892 3474 (n.
921 3419 1071 3474 8567).

357 3475 505 3534 Quod
537 3478 690 3521 homo
717 3477 765 3520 in
793 3478 1139 3533 desperatione
1171 3477 1402 3533 loquatur
1424 3475 1611 3524 acerba,
1634 3475 1720 3518 sed
1750 3474 1884 3530 quod
1908 3474 1970 3516 ad
2004 3473 2086 3516 illa
2107 3486 2137 3516 a

273 3533 490 3578 Domino
512 3549 612 3579 non
635 3537 921 3579 attendatur
946 3538 1010 3591 (n.
1035 3536 1183 3590 8165).

361 3592 564 3637 Peracta
595 3595 886 3645 tentatione,
919 3594 1051 3651 quod
1087 3594 1299 3650 primum
1338 3593 1401 3636 sit
1434 3591 1690 3635 fluctuatio
1723 3591 1851 3634 inter
1882 3604 2051 3633 verum
2085 3598 2136 3633 et

269 3651 445 3695 falsum
472 3654 536 3707 (n.
560 3653 657 3706 848,
692 3653 812 3708 857).

359 3710 455 3754 Sed
479 3712 612 3767 quod
636 3720 807 3767 postea
828 3712 990 3755 luceat
1007 3725 1191 3760 verum,
1208 3719 1256 3754 et
1280 3709 1364 3753 fiat
1387 3723 1612 3753 serenum
1637 3716 1687 3752 et
1708 3709 1892 3752 laetum
1921 3709 1985 3764 (n.
2006 3707 2133 3763 3696,

269 3779 398 3825 4572,
422 3769 549 3825 6829¹
574 3769 701 3825 8367,
726 3770 877 3825 8370)-
