2496 4250
930 408 1015 449 DE
1053 404 1526 447 REDEMPTIONE.
2088 405 2152 455 41

403 553 451 605 8.
506 551 648 603 Inde
677 558 764 603 est
786 549 935 618 quod
964 548 1035 600 ab
1061 547 1306 614 antiquis
1330 544 1539 597 dictum
1562 545 1633 596 sit
1656 543 1805 611 quod
1835 559 2002 594 nemo
2025 560 2156 610 pos-

649 630 721 680 sit
754 629 943 679 videre
978 627 1162 677 Deum
1195 633 1253 676 et
1286 626 1508 687 vivere;
1550 631 1607 674 et
1640 640 1672 673 a
1707 623 1970 681 DominO,
2007 621 2157 688 quod

650 721 818 756 nemo
849 703 1052 754 viderit
1092 701 1338 768 speciem
1373 700 1569 761 Patris,
1606 715 1707 749 nec
1747 698 2023 748 audiverit
2056 715 2157 748 vo-

649 798 772 834 cem
806 782 1003 847 Ipsius,

351 871 355 875 *
402 877 452 929 9.
506 861 651 913 Tum
697 859 847 927 quod
894 859 1047 909 Deus
1087 857 1329 924 antiquis
1376 856 1446 907 Se
1493 855 1812 907 exhibuerit
1851 854 2157 905 videndum

648 956 747 1006 per
777 936 1033 1004 angeIOS,
1068 937 1124 986 in
1156 936 1334 986 forma
1373 935 1637 996 humana,
1673 951 1815 1001 quae
1847 934 2025 984 forma
2057 933 2158 984 fuit

651 1016 1133 1084 repraesentativa
1166 1015 1271 1064 Dei
1304 1014 1596 1064 incarnati.

376 1110 453 1148 10.
508 1095 676 1163 Quod
715 1095 898 1146 omnis
937 1093 1193 1159 operatio
1227 1092 1332 1142 Dei
1371 1091 1469 1142 fiat
1508 1109 1540 1141 a
1574 1092 1763 1157 primis
1796 1108 1893 1158 per
1926 1090 2157 1154 ultima;

649 1175 730 1225 ita
757 1191 789 1224 a
817 1173 1023 1223 Divino
1051 1188 1152 1221 suo
1180 1188 1278 1237 per
1307 1170 1631 1220 Humanum
1661 1186 1837 1220 suum.
1902 1170 2042 1219 Inde
2070 1177 2158 1220 est

578 1259 581 1275 “
649 1251 797 1319 quod
831 1251 984 1301 Deus
1017 1250 1090 1300 sit
1126 1250 1387 1299 “Primus
1420 1257 1478 1299 et
1507 1248 1809 1309 Ultimus‚’·
1842 1252 1871 1272 ‘⁴
1900 1246 2010 1313 Qui
2037 1247 2157 1308 fuit,

649 1331 740 1397 qui
773 1337 878 1390 est,
914 1336 972 1379 et
1011 1328 1103 1394 qui
1134 1325 1451 1378 venturuS.'’

376 1422 452 1460 11.
507 1407 674 1475 Quod
702 1409 758 1458 in
787 1407 999 1458 ultimis
1028 1406 1134 1456 Dei
1162 1407 1275 1456 sint
1304 1406 1493 1455 omnia
1521 1405 1727 1455 Divina
1759 1404 1920 1455 simul
1945 1423 1955 1467 ;
1997 1405 2076 1454 ita
2104 1405 2159 1454 in

650 1486 897 1536 Domino
920 1492 1116 1535 nostro
1135 1484 1268 1550 Jesu
1296 1483 1542 1544 Christo,
1568 1485 1758 1534 omnia
1785 1484 1866 1533 sui
1896 1483 2092 1533 Patris.

376 1578 453 1616 12.
506 1564 600 1616 Ex
650 1565 736 1616 his
788 1564 1038 1630 sequitur
1083 1562 1232 1629 quod
1285 1562 1630 1629 Redemptio
1680 1562 1829 1612 haud
1880 1577 2159 1629 quaquam

651 1643 897 1710 potuerit
931 1641 1075 1693 effici
1107 1642 1211 1692 nisi
1243 1658 1275 1692 a
1308 1642 1432 1692 Deo
1463 1642 1774 1692 incarnato.

377 1736 453 1789 13,
507 1722 586 1774 Et
625 1722 774 1789 quod
809 1721 1052 1772 salvatio
1085 1737 1188 1771 nec
1222 1721 1401 1787 possit
1441 1720 1559 1770 dari
1599 1720 1702 1770 nisi
1741 1737 1773 1771 a
1814 1720 1938 1771 Deo
1977 1720 2160 1770 incar-

651 1809 806 1862 nat0‚
842 1802 921 1852 ita
953 1817 1065 1851 non
1095 1800 1199 1849 nisi
1230 1815 1397 1866 quam
1430 1816 1462 1849 a
1495 1799 1743 1850 Domino
1772 1799 2160 1865 Redemptore

650 1887 708 1931 et
755 1879 1088 1942 Salvatore;
1142 1896 1283 1945 quae
1324 1877 1564 1928 salvatio
1604 1886 1691 1928 est
1731 1885 2004 1944 perpetua
2044 1877 2159 1928 Re-

650 1958 920 2024 demptiO.

375 2050 452 2100 14.
506 2036 646 2087 Inde
686 2044 774 2087 est
813 2035 964 2102 quod
1003 2034 1112 2085 illis
1145 2036 1237 2102 qui
1271 2035 1510 2086 credunt
1542 2035 1597 2085 in
1631 2035 1935 2086 Dominum
1967 2035 2159 2101 Jesum

651 2114 936 2166 Christum
970 2115 1042 2164 sit
1070 2116 1188 2164 vita
1215 2122 1480 2177 aeterna;
1516 2122 1573 2165 et
1602 2114 1751 2181 quod
1785 2113 1893 2164 illis
1922 2115 2014 2181 qui
2046 2131 2159 2164 non

650 2194 888 2245 credunt
920 2194 975 2244 in
1006 2193 1220 2259 Ipsum,
1253 2209 1366 2243 non
1399 2194 1471 2244 sit
1504 2192 1600 2243 illa
1632 2189 1795 2243 vita.*

396 2373 424 2401 *
456 2374 835 2422 [ANNOTATIONES
853 2386 874 2411 e
890 2375 1140 2423 marginibus
1158 2375 1351 2417 collectae,
1368 2386 1468 2422 quae
1484 2375 1570 2411 sine
1586 2374 1701 2410 dubio
1720 2374 1776 2410 ad
1790 2374 1921 2422 capita
1939 2386 2032 2410 mox
2042 2379 2163 2421 prae-

297 2431 473 2468 cedentia
483 2432 690 2479 pertinent
700 2430 912 2478 .·—]Quod
929 2431 1015 2478 ipsa
1031 2431 1269 2477 Redemptio
1288 2431 1403 2467 fuerit
1416 2431 1641 2478 subjugatio
1655 2431 1897 2467 infernorum
1913 2436 1951 2467 et
1965 2431 2161 2468 ordinatio

297 2487 511 2531 caelorum,
533 2493 572 2523 et
592 2487 648 2524 sic
665 2487 914 2534 praeparatio
932 2487 985 2523 ad
1002 2498 1150 2524 novam
1168 2487 1375 2523 ecclesiam
1393 2487 1647 2534 spiritualem.

418 2543 540 2589 Quod
556 2543 707 2589 absque
723 2542 790 2579 illa
805 2543 1096 2591 Redemptione
1114 2543 1246 2579 nullus
1263 2543 1386 2579 homo
1404 2543 1544 2579 salvari
1561 2543 1746 2590 potuerit,
1761 2554 1835 2579 nec
1851 2543 1982 2590 angeli
2000 2543 2040 2579 in
2058 2548 2163 2580 statu

297 2610 395 2636 suae
410 2599 603 2636 felicitatis
620 2599 842 2637 subsistere.

418 2655 542 2753 Qq'od
563 2655 761 2692 Dominus
781 2666 864 2692 non
883 2655 1007 2691 modo
1027 2654 1209 2691 homines
1229 2655 1300 2691 sed
1321 2654 1439 2691 etiam
1458 2655 1621 2702 angelos
1639 2655 1860 2693 redemerit.
1924 2655 1957 2703 [(
1972 2656 2165 2693 Videatur

298 2717 386 2753 cap.
400 2706 470 2752 vi.)

419 2762 541 2808 Quod
561 2762 799 2808 Redemptio
817 2762 934 2798 fuerit
951 2773 1053 2808 opus
1069 2773 1169 2809 pure
1189 2762 1392 2799 Divinum.

419 2818 542 2916 Qufid
557 2818 658 2855 haec
670 2818 909 2865 Redemptio
923 2829 1005 2855 non
1020 2818 1102 2854 fieri
1115 2818 1290 2866 potuerit
1300 2818 1372 2854 nisi
1384 2829 1455 2866 per
1469 2818 1603 2855 Deum
1616 2818 1875 2856 incarnatum.
1924 2819 1957 2867 [(
1973 2819 2166 2856 Videatur

299 2879 387 2916 cap.
397 2879 477 2906 vm.

419 2924 542 2970 Quod
566 2923 698 2971 passio
722 2923 848 2960 crucis
875 2924 989 2960 fuerit
1014 2925 1154 2960 ultima
1174 2924 1351 2968 tentatio,
1374 2935 1495 2971 quam
1521 2930 1566 2961 ut
1598 2925 1802 2962 Maximus
1831 2926 2029 2972 Propheta
2048 2926 2162 2962 susti-

298 2979 396 3023 nuit,
415 2985 455 3016 et
469 2991 542 3027 per
558 2991 679 3026 quarn
698 2980 816 3016 etiam
833 2992 925 3016 vere
945 2979 1211 3028 [¹]subjugavit
1230 2981 1392 3023 inferna,
1412 2987 1451 3017 et
1470 2979 1746 3028 [2ngorificavit
1766 2982 2001 3018 Humanum
2020 2980 2159 3026 suum;

298 3036 355 3073 sic
371 3037 482 3083 quod
499 3036 614 3072 fuerit
631 3036 807 3072 medium
828 3037 1139 3083 Redemptionis,
1158 3038 1228 3073 sed
1246 3048 1328 3072 non
1351 3037 1601 3084 Redemptio.

419 3092 542 3138 Quod
557 3092 687 3139 passio
706 3092 832 3128 crucis
849 3093 964 3128 fuerit
981 3093 1067 3139 ipsa
1086 3093 1337 3139 Redemptio,
1357 3093 1404 3129 sit
1422 3093 1727 3129 fundamentalis
1745 3105 1853 3130 error
1869 3094 2070 3132 ecclesiae.

420 3148 542 3194 Quod
558 3148 622 3184 ille
636 3159 755 3191 error,
770 3159 852 3184 una
865 3159 955 3185 cum
970 3160 1101 3185 errore
1116 3150 1166 3185 de
1180 3150 1305 3186 tribus
1321 3149 1502 3185 Personis
1515 3150 1666 3185 Divinis
1680 3150 1731 3186 ab
1745 3155 1918 3193 aeterno,
1933 3151 2162 3197 perverterit

299 3209 424 3241 totam
441 3204 659 3247 ecclesiam,
678 3205 780 3240 adeo
798 3209 842 3240 ut
859 3215 941 3241 non
959 3205 1123 3251 aliquod
1140 3205 1342 3242 residuum
1360 3205 1560 3252 spirituale
1578 3206 1661 3252 ejus
1679 3206 1857 3252 supersit.

511 3262 831 3311 (Enumerentur
845 3275 1000 3300 errores
1017 3276 1069 3300 ex
1086 3265 1367 3311 Redemptione
1383 3264 1586 3307 hodierna,
1607 3265 1714 3312 quod
1725 3265 1781 3301 sit
1788 3265 1924 3312 passio
1942 3264 2103 3314 crucis.)

421 3353 543 3399 Quod
560 3353 656 3390 falsa
673 3353 765 3390 fidei
784 3352 908 3390 [31n0n
927 3355 1114 3402 conjungi
1131 3355 1283 3402 possint
1301 3366 1393 3392 cum
1411 3355 1520 3391 bono
1539 3355 1748 3393 charitatis.

423 3409 487 3446 De
503 3410 731 3447 successivis
748 3410 822 3446 illis
841 3410 1040 3459 [statibus]
1061 3411 1266 3459 praedidta
1283 3412 1391 3459 apud
1411 3412 1623 3448 Danielem
1642 3417 1681 3448 et
1698 3412 1928 3460 Prophetas.

422 3464 485 3502 De
504 3465 660 3503 Christo
680 3465 843 3514 (Matth.
863 3467 1000 3515 xxiv.).
