2430 4256
360 429 427 483 72
1154 427 1438 467 CORONIS.

361 567 668 629 ChristuS,’‘
701 577 758 619 et
794 567 1015 618 “Filius
1051 567 1201 618 Dei.''
1277 566 1444 633 Quod
1478 567 1781 619 Adventus
1824 569 2051 620 Domini
2091 586 2220 621 nos-

359 648 430 699 tri
470 648 525 697 in
566 646 914 714 perplurimis
949 646 1086 696 locis
1125 647 1273 712 apud
1315 646 1628 714 Prophetas
1668 645 1984 714 praedictus
2024 648 2113 708 sit,
2147 666 2221 699 ex

357 726 703 793 allegatione
743 723 1187 792 praedictionum
1234 725 1288 775 in
1336 725 1698 792 sequentibus
1742 726 2035 778 videbitur.
2111 725 2222 778 Sed

357 805 640 872 quaeritur
681 820 775 854 cur
814 812 931 854 tam
971 803 1230 871 frequens
1270 802 1577 870 praedictio
1617 804 1686 855 de
1726 804 1998 855 Adventu
2044 805 2223 872 Ipsius

356 882 502 935 facta
523 891 608 934 est
634 899 645 933 ε
688 883 907 932 fuerunt
936 882 1120 948 plures
1145 900 1363 944 causae,
1388 884 1664 950 quaedam
1694 881 2018 950 spectantes
2042 884 2221 952 Popu-

357 963 469 1013 lum
511 961 879 1013 Israeliticum
922 970 979 1012 et
1017 962 1327 1027 Judaicum‚
1363 963 1639 1029 quaedam
1679 960 2002 1029 spectantes
2043 963 2222 1031 Popu-

357 1042 470 1092 lum
530 1040 912 1091 Christianum
976 1049 1105 1108 post
1167 1041 1310 1093 illos
1389 1040 1499 1092 Sed
1561 1043 1977 1093 recensebimus
2028 1059 2223 1095 causas

355 1117 681 1186 spectantes
733 1121 1002 1186 imprimis
1061 1120 1332 1187 Populum
1386 1121 1756 1172 Israeliticum
1808 1129 1865 1173 et
1915 1121 2222 1188 Judaicum.

354 1195 569 1269 Pri'mad
584 1207 721 1259 erat,
753 1208 812 1250 ut
846 1217 943 1266 per
972 1201 1418 1251 nominationem
1454 1210 1511 1251 et
1545 1201 1995 1252 recordationem
2025 1201 2220 1268 IpsiuS,

355 1279 409 1328 in
451 1278 605 1330 cultu
645 1279 895 1330 interiori
932 1279 1182 1344 Jehovae
1224 1281 1667 1339 continerentur,
1709 1281 1973 1347 quoniam
2013 1280 2224 1347 absque

355 1355 452 1408 illo
486 1374 597 1408 non
634 1358 732 1408 fuit
773 1359 1056 1424 ingressus
1088 1358 1338 1424 Jehovae
1378 1359 1448 1409 ad
1488 1359 1729 1427 aliquem
1772 1377 1845 1410 ex
1885 1359 2010 1419 illis,
2045 1376 2225 1427 neque

355 1454 614 1488 accessus
655 1437 816 1488 ullius
857 1455 931 1488 ex
971 1437 1078 1487 illis
1118 1438 1188 1487 ad
1227 1437 1519 1504 jehovam.
1597 1438 1788 1489 Simile
1829 1446 1948 1489 erat
1989 1446 2122 1489 tunc
2163 1445 2223 1490 ut

356 1525 443 1568 est
476 1517 662 1577 hodie,

438 1630 570 1681 Quod
592 1629 736 1669 Deum
761 1629 938 1668 Patrem
961 1631 1136 1668 “nemo
1157 1629 1317 1669 viderit
1337 1641 1346 1674 ς
1379 1629 1648 1680 Unigenitus
1672 1629 1824 1678 Filius,
1849 1630 1923 1682 qui
1952 1629 1997 1669 in
2020 1630 2121 1670 sinu
2144 1629 2226 1671 Pa-

572 1685 652 1724 tris
673 1692 754 1732 est,
783 1684 863 1723 Ille
885 1683 1128 1734 exposuit”
1149 1683 1274 1736 (Joh.
1295 1685 1321 1724 i.
1347 1685 1423 1732 18;
1454 1697 1548 1734 cap.
1570 1697 1612 1724 V.
1633 1684 1730 1734 37);

356 1759 476 1802 tum

484 1791 495 1812 '
605 1832 633 1849 ¹⁴
649 1830 794 1869 Nemo
816 1831 938 1869 venit
960 1830 1016 1869 ad
1040 1830 1217 1869 Patrem
1241 1830 1325 1869 nisi
1348 1842 1425 1880 per
1447 1829 1521 1869 Me
1538 1829 1559 1845 ''
1581 1829 1705 1882 (Jolt.
1725 1830 1814 1871 xiv.
1835 1830 1890 1881 6).

357 1943 605 1995 Secunda
655 1961 823 1994 causa
869 1941 1133 2009 spectans
1186 1941 1459 2008 Populum
1511 1942 1686 2004 illum,
1734 1943 1853 2004 fuit,
1901 1943 2051 2011 quod
2102 1943 2223 2011 typi

355 2023 821 2089 repraesentativi
875 2021 1168 2072 Ecclesiae
1214 2021 1454 2082 illorum,
1503 2023 1594 2088 qui
1646 2014 1843 2073 omnes
1889 2020 2224 2089 spectabant

356 2102 662 2152 Dominum
697 2109 952 2151 nostrum
993 2108 1050 2151 et
1091 2100 1411 2151 Ecclesiam
1446 2100 1517 2150 ab
1558 2100 1689 2167 Ipso
1729 2107 1858 2167 post
1891 2099 2223 2152 Adventum

356 2181 535 2247 Ipsius
568 2180 1009 2239 instaurandam,
1041 2180 1376 2230 inservirent
1410 2179 1518 2229 illis
1551 2187 1612 2230 ut
1645 2180 1887 2230 totidem
1920 2179 2133 2230 indices
2165 2187 2223 2231 et

355 2259 615 2326 symbola
655 2259 838 2310 cultus
878 2258 1137 2321 illorum;
1191 2266 1622 2324 consequenter,
1666 2266 1726 2309 ut
1767 2275 1893 2309 cum
1933 2255 2223 2310 venissetffl

354 2345 734 2406 agnoscerent
789 2337 997 2403 Ipsum,
1041 2345 1099 2387 et
1151 2337 1400 2387 sinerent
1453 2354 1511 2387 se
1564 2336 1845 2387 introduci
1895 2337 1951 2387 in
2002 2337 2223 2388 interna

355 2418 541 2469 cultus
571 2418 768 2484 IpsiuS,
800 2423 857 2466 et
891 2433 999 2465 una
1027 2432 1151 2466 curn
1182 2416 1447 2481 gentibus
1475 2433 1616 2482 quae
1645 2416 1854 2466 circum
1882 2414 2008 2465 illos
2041 2423 2219 2477 erant,

354 2497 553 2547 fierent
583 2495 901 2548 Christiani.
989 2494 1179 2544 Tertia
1205 2511 1373 2544 causa
1399 2494 1517 2555 fuit,
1549 2502 1608 2545 ut
1642 2511 1739 2561 per
1765 2493 2221 2545 recordationem

355 2575 659 2626 Adventus
683 2575 880 2640 Ipsius,
906 2573 1112 2640 aliquid
1142 2573 1388 2624 notionis
1411 2590 1507 2623 seu
1534 2573 1693 2624 ideae
1723 2573 1792 2623 de
1819 2569 2222 2624 resurrectione

355 2663 413 2706 et
466 2655 535 2705 de
587 2655 704 2704 vita
754 2661 986 2703 aeterna
1038 2651 1420 2717 cogitationes
1470 2650 1693 2702 illorum
1744 2651 1997 2701 intraret.
2083 2649 2222 2716 Quis

356 2735 504 2785 enirn
533 2751 606 2784 ex
634 2732 741 2783 illis
765 2749 877 2781 non
902 2732 1179 2798 potuisset
1207 2731 1439 2781 interius
1466 2730 1520 2780 in
1549 2747 1608 2780 se
1637 2747 1735 2780 seu
1757 2729 1926 2780 corde
1948 2729 2219 2795 cogitare,

359 2812 557 2879 “Quid
603 2812 764 2862 nobis
812 2827 938 2861 cum
987 2809 1213 2870 Messia,
1263 2816 1564 2875 postquam
1611 2809 1817 2859 mortui
1862 2824 2071 2869 sumuS,
2118 2808 2223 2859 nisi

355 2899 764 2943 reverteremur
803 2897 955 2949 tune,
989 2888 1307 2938 videremus
1347 2887 1585 2953 gloriam
1627 2887 1823 2953 IpsiuS‚
1860 2894 1916 2937 et
1956 2903 2221 2952 regnare·

356 2988 478 3022 mus
512 2987 637 3021 curn
680 2969 811 3035 Ipso
829 2968 876 3018 ?”
953 2967 1092 3018 Inde
1124 2966 1448 3032 religiosum
1489 2966 1709 3016 illorum
1743 2966 2032 3016 scaturivit
2072 2965 2222 3032 quod

356 3068 424 3100 eo
464 3058 721 3115 tempore
761 3043 1118 3098 resurrecturi
1159 3046 1288 3105 sint,
1323 3046 1553 3112 quisque
1593 3062 1667 3095 ex
1707 3062 1807 3094 suo
1847 3043 2122 3110 sepulcr0‚
2163 3053 2221 3095 et

356 3129 409 3178 in
457 3128 691 3178 Terram
733 3126 1058 3177 Canaanem
1104 3124 1349 3174 redituri.
1431 3123 1648 3186 Quarta
1692 3140 1859 3174 causa
1903 3122 2019 3182 fuit,
2063 3130 2123 3174 ut
2167 3123 2222 3173 in

357 3215 512 3257 statu
551 3205 887 3256 vastationis
927 3211 985 3255 et
1025 3203 1403 3269 oppressionis
1449 3202 1689 3263 illorum,
1732 3202 1957 3268 quando
2002 3201 2055 3251 in
2095 3208 2220 3253 ten-

358 3285 667 3336 tationibus
711 3292 770 3335 et
815 3280 1206 3334 afflictionibus
1253 3289 1431 3342 erant,
1479 3280 1905 3332 sublevarentur
1949 3287 2007 3331 et
2058 3295 2222 3330 sana-

358 3372 566 3425 rentur,

440 3476 559 3515 Sicut
588 3482 736 3579 pqtres
757 3481 802 3513 et
831 3474 989 3512 fratres
1011 3485 1164 3512 eorum
1196 3472 1240 3511 in
1262 3472 1438 3512 deserto
1459 3469 1617 3522 (Num.
1641 3471 1730 3511 xxi.
1759 3467 1897 3521 1-9[¹];
1941 3469 2044 3522 Joh.
2069 3469 2128 3509 iii.
2156 3478 2220 3519 14,

578 3539 626 3578 15
663 3541 672 3576 ;

359 3651 489 3687 narn
519 3635 729 3701 absque
758 3633 852 3683 illa
881 3632 1271 3682 sublevatione
1300 3639 1357 3681 et
1387 3631 1682 3681 sanatione
1714 3629 2031 3696 potuissent
2059 3643 2221 3678 scan-

360 3714 488 3765 dala
510 3713 784 3779 conjicere
813 3713 867 3762 in
887 3712 1180 3777 Jehovam‚
1205 3719 1262 3761 et
1291 3727 1322 3760 a
1352 3709 1506 3760 cultu
1535 3709 1712 3775 Ipsius
1742 3706 2221 3774 repraesentativo
