2496 4250
406 412 547 462 XXVi
746 424 1080 465 SAPIENTIA
1120 426 1443 468 ANGELICA
1482 429 1564 468 DE
1603 428 1926 481 CONJUGIO.

540 561 663 614 Quod
685 563 921 616 conjugium
941 563 1039 603 boni
1060 571 1099 604 et
1120 565 1202 604 veri
1225 565 1448 606 descendat
1467 579 1492 606 a
1516 567 1699 607 Domino
1717 581 1790 620 per
1808 574 1887 607 tres
1906 567 2070 620 gradus,
2090 575 2130 609 et
2153 569 2264 622 quod

622 625 664 664 in
694 626 838 679 quovis
861 627 991 678 gradu
1014 628 1297 680 progrediatur
1323 642 1348 667 a
1371 629 1551 669 maximo
1575 630 1627 669 ad
1647 630 1879 679 minimum,
1900 637 1940 671 et
1962 631 2072 685 quod
2096 632 2193 672 inde
2215 633 2264 672 sit

618 689 727 729 illius
747 689 927 743 conjugii
947 690 1105 731 infinita
1123 692 1297 732 varietas
1319 691 1379 747 (n.
1397 702 1449 744 37
1454 702 1559 746 3-37
1565 692 1624 748 5).

537 785 663 838 Quod
693 786 884 838 conjugia
912 787 1091 839 supremi
1120 788 1286 839 gradus,
1311 802 1415 840 quae
1439 796 1636 830 vocantur
1663 789 1865 839 caelestia,
1896 791 1976 831 sint
1986 769 2152 830 ‘infinite
2175 803 2263 844 per·

617 848 788 889 fecstiora
803 849 1004 902 conjugiis
1018 851 1216 891 inferioris
1231 852 1382 903 gradus
1397 866 1502 904 quae
1518 859 1714 893 vocantur
1727 854 1963 906 spiritualia,
1977 859 2018 893 et
2034 854 2145 906 quod
2160 854 2264 894 haee

617 912 773 952 infinite
797 912 1041 965 perfetstiora
1062 915 1143 954 sint
1167 915 1365 967 conjugiis
1389 916 1517 955 infimi
1539 917 1690 968 gradus
1718 929 1822 970 quae
1843 922 2042 956 vocantur
2060 917 2260 957 naturalia

622 975 919 1031 (11-376-378)·

538 1072 663 1125 Quod
687 1073 878 1126 conjugia
901 1072 1029 1114 infimi
1057 1075 1207 1127 gradus
1236 1075 1417 1128 perseRa
1440 1076 1519 1116 sint
1541 1077 1768 1116 secundum
1791 1077 2064 1130 receptionem
2088 1076 2264 1118 influxus

620 1135 817 1188 sphaerae
838 1137 1080 1190 conjugialis
1101 1151 1153 1177 ex
1172 1138 1280 1178 binis
1298 1139 1570 1191 superioribus
1591 1139 1648 1193 (n.
1667 1139 1885 1195 379—381).

535 1199 659 1252 Quod
679 1199 783 1239 haec
804 1200 991 1254 conj-ugia
1013 1201 1167 1254 absque
1181 1203 1414 1255 receptione
1434 1203 1611 1243 influxus
1630 1216 1656 1242 a
1673 1203 1778 1243 binis
1795 1203 1992 1255 prioribus
2008 1216 2092 1243 non
2111 1203 2264 1244 ducant

618 1263 817 1315 originem
841 1277 892 1304 ex
916 1264 1115 1318 conjugiis
1138 1265 1237 1305 boni
1262 1272 1302 1306 et
1323 1266 1422 1315 veri,
1447 1267 1520 1306 sed
1544 1280 1596 1306 ex
1620 1267 1833 1307 connubiis
1854 1266 1951 1306 mali
1980 1273 2020 1308 et
2042 1267 2133 1307 falsi
2157 1280 2262 1321 quae

620 1334 715 1366 sunt
734 1327 936 1367 adulteria
958 1327 1018 1383 (n.
1035 1328 1261 1382 382—385).

535 1422 661 1474 Quod
681 1422 883 1463 adulteria
904 1424 1027 1463 etiam
1047 1423 1127 1465 sint
1146 1424 1267 1463 trium
1289 1425 1491 1478 graduum
1516 1424 1576 1482 (n.
1591 1425 1689 1477 386-
1702 1425 1819 1482 388).

536 1518 601 1557 De
620 1517 828 1570 gradibus,
852 1524 892 1559 et
911 1519 964 1558 de
984 1519 1140 1559 influxu
1160 1520 1387 1559 secundum
1406 1520 1555 1573 gradus
1579 1520 1638 1574 (n.
1654 1532 1750 1572 433,
1770 1521 1887 1577 434).

535 1614 660 1666 Quod
684 1614 809 1654 homo
833 1615 883 1656 sit
906 1615 1037 1655 forma
1059 1615 1178 1656 trium
1201 1616 1416 1668 graduum,
1442 1616 1640 1665 caelestis,
1661 1617 1893 1670 spiritualis,
1915 1624 1954 1658 et
1976 1617 2172 1658 naturalis
2196 1617 2258 1673 (n.

617 1678 733 1732 699)-

535 1774 658 1826 Quod
678 1774 915 1823 substantia,
937 1787 1034 1828 qula
1054 1774 1197 1824 forma,
1219 1775 1269 1815 sit
1289 1774 1518 1828 subjedhim
1542 1777 1600 1831 (n.
1620 1775 1845 1831 700—708).

395 2077 642 2134 Homo.—[(
657 2079 859 2118 Videatur
876 2079 1032 2119 INDEX
1050 2092 1107 2119 AL
1115 2078 1257 2132 TER-H

533 2151 655 2203 Quod
675 2150 801 2190 homo
822 2150 932 2191 vivat
951 2151 1077 2191 homo
1096 2157 1187 2204 post
1205 2157 1379 2190 mortem
1402 2150 1463 2206 (n.
1482 2159 1559 2204 2-5
1583 2157 1655 2200 [De
1669 2158 1755 2192 Am.
1773 2158 1888 2199 conj„
1904 2169 1940 2192 n.
1962 2159 2083 2200 28-31,
2099 2150 2189 2202 441).

532 2247 655 2299 Quod
675 2247 755 2286 hoc
775 2246 978 2287 nesciatur
993 2247 1036 2287 in
1055 2247 1227 2296 mundo,
1245 2260 1338 2287 eum
1359 2254 1497 2287 tamen
1518 2254 1577 2288 est
1597 2261 1648 2287 ex
1664 2248 1924 2302 perceptione
1945 2251 2152 2289 communi
2160 2263 2173 2299 ;
2203 2249 2256 2288 de

611 2324 692 2364 qua
715 2312 774 2363 (n.
791 2323 816 2362 3
837 2317 910 2359 [De
924 2319 1008 2350 Am.
1030 2318 1145 2358 Conj.,
1161 2328 1196 2350 n.
1215 2311 1308 2361 28]);

530 2373 596 2413 Ex
616 2374 772 2426 angelis
791 2374 888 2414 visis
907 2381 952 2414 ut
970 2374 1158 2414 homines
1181 2373 1242 2430 (n.
1258 2386 1286 2424 4
1305 2380 1378 2423 [De
1391 2382 1477 2414 Am.
1496 2381 1612 2421 conj„
1629 2391 1663 2414 n.
1681 2383 1734 2421 28,
1751 2374 1848 2430 30]);

532 2437 598 2476 Ex
617 2437 769 2486 anima,
790 2438 901 2491 quod
921 2438 994 2477 illa
1013 2438 1064 2478 sit
1082 2438 1209 2477 homo
1232 2438 1292 2494 (n.
1309 2446 1332 2490 5
1355 2443 1428 2487 [De
1442 2446 1527 2478 Am.
1546 2445 1661 2485 Conj.‚
1677 2455 1711 2477 ιι.
1730 2456 1782 2487 29,
1799 2437 1889 2495 31]).

531 2534 654 2586 Quod
684 2534 890 2574 masculus
917 2541 1008 2587 post
1031 2541 1203 2574 mortem
1226 2534 1278 2574 sit
1298 2534 1517 2583 masculus,
1542 2540 1582 2574 et
1603 2534 1759 2574 femina
1782 2534 1935 2574 femina
1966 2533 2082 2591 (vide
2104 2533 2256 2586 Sexus)

613 2596 906 2653 (illustratum,
927 2611 968 2638 n.
987 2597 1068 2637 6-8
1088 2604 1160 2646 [De
1178 2605 1264 2637 Am.
1283 2605 1398 2644 Conj.‚
1419 2614 1454 2637 n.
1473 2615 1525 2645 32,
1543 2597 1631 2652 33]).

529 2693 652 2746 Quod
672 2693 798 2733 homo
818 2706 902 2733 non
921 2693 971 2734 sit
989 2707 1170 2747 pneuma
1188 2701 1278 2747 post
1300 2700 1487 2742 mortem,
1511 2694 1585 2733 sed
1609 2693 1728 2733 realis
1750 2693 1876 2733 homo
1902 2693 2191 2750 (illustratum,
2212 2707 2253 2733 n.

612 2768 677 2806 24,
700 2766 748 2809 25
772 2763 844 2806 [De
858 2765 944 2797 Am.
961 2764 1077 2805 Conj„
1093 2774 1128 2798 n.
1147 2756 1236 2813 29]).

529 2853 750 2906 Quomodo
778 2853 905 2893 homo
934 2854 1078 2906 recipit
1107 2867 1289 2893 amorem
1319 2859 1360 2893 et
1388 2853 1630 2906 sapientiam
1658 2867 1682 2893 a
1707 2853 1911 2902 Domino;
1952 2854 2063 2906 quod
2086 2852 2254 2907 recipiat

609 2917 850 2969 sapientiam
863 2916 1089 2967 intellediu,
1103 2923 1143 2957 et
1154 2917 1363 2971 quomodo
1375 2916 1564 2956 voluntas
1577 2930 1619 2957 se
1635 2917 1862 2957 successive
1874 2916 2059 2970 adjungit
2069 2917 2253 2971 (illustr.‚

611 2993 651 3020 n.
670 2989 719 3032 75
743 2986 816 3029 [De
832 2988 919 3020 Am.
940 2987 1055 3027 conj„
1071 2997 1106 3020 n.
1127 2978 1323 3036 122—124]).

531 3077 656 3129 Quod
685 3077 728 3116 in
757 3077 926 3116 homine
954 3078 1035 3118 sint
1058 3077 1134 3117 tria
1162 3090 1267 3130 quae
1296 3076 1646 3125 unum,—anima‚
1671 3076 1846 3129 spiritus,
1871 3082 1911 3117 et
1939 3088 2107 3129 corpus;
2146 3088 2252 3129 quae

611 3147 704 3180 sunt
723 3140 826 3180 sicut
846 3140 949 3189 finis,
972 3152 1106 3190 causa,
1127 3147 1167 3180 et
1187 3139 1356 3180 effeetus
1379 3139 1438 3194 (n.
1456 3140 1522 3191 85,
1540 3139 1592 3179 86
1614 3146 1685 3188 [De
1699 3147 1784 3179 Am.
1803 3146 1918 3187 conj„
1935 3156 1970 3179 ιι.
1990 3157 2061 3186 ιοι,
2078 3138 2187 3195 1581).

528 3235 595 3275 De
614 3235 807 3288 gradibus
826 3236 935 3275 vitae
956 3236 1066 3289 apud
1084 3235 1308 3284 hominem,
1330 3235 1453 3274 varia.
1479 3235 1494 3290 (
1510 3235 1607 3275 Vide
1627 3233 1830 3290 Gradus.)

527 3331 650 3384 Quod
670 3332 794 3371 homo
811 3331 1001 3371 consistat
1017 3345 1069 3372 ex
1083 3331 1233 3381 anima,
1250 3331 1403 3385 spiritu,
1421 3336 1461 3370 et
1477 3343 1643 3383 corpore
1667 3330 1726 3386 (n.
1742 3330 1934 3382 474-476
1955 3336 2027 3379 [Be
2041 3336 2250 3376 Anconj„

612 3409 647 3431 n.
667 3410 737 3438 101,
757 3392 865 3446 158]).

528 3487 651 3539 Quod
670 3487 795 3527 homo
815 3488 867 3527 sit
884 3488 1010 3527 homo
1026 3487 1251 3527 secundum
1271 3487 1391 3540 quale
1411 3486 1559 3526 amoris
1580 3486 1821 3539 conjugialis
1840 3486 1950 3539 apud
1969 3498 2035 3535 se;
2060 3487 2172 3526 varia
2191 3487 2248 3539 (n.

610 3559 800 3603 573-592
821 3557 894 3599 [De
907 3558 992 3591 Am.
1017 3557 1132 3597 Conj„
1148 3567 1183 3590 n.
1205 3557 1259 3599 96,
1275 3568 1348 3597 230,
1365 3549 1476 3604 432]).

527 3646 650 3698 Quod
671 3652 828 3686 tantum
851 3646 902 3686 sit
920 3646 1045 3686 homo
1066 3653 1263 3699 quantum
1283 3659 1398 3685 arnor
1412 3645 1653 3698 conjugialis
1665 3644 1882 3698 spiritualis
1898 3657 2025 3684 unum
2041 3643 2137 3684 facit
2155 3656 2246 3684 cum

607 3722 744 3749 amore
766 3710 986 3763 conjugiali
1007 3709 1179 3749 naturali
1203 3708 1262 3765 (n.
1285 3707 1510 3763 593-597).
