2496 4250
1003 425 1204 465 INDEX
1245 424 1472 465 ALTER.
2132 413 2168 465 li

442 565 509 606 De
531 564 740 618 reciproca
761 563 914 604 unione
937 563 1085 604 amoris
1108 569 1147 604 et
1168 564 1390 618 sapientiae
1414 576 1487 604 seu
1514 563 1612 604 boni
1643 569 1682 605 et
1704 564 1789 605 veri
1817 564 1862 604 in
1892 565 2075 605 Domino
2107 563 2166 619 (n.

521 629 576 681 36
596 634 668 677 [De
681 635 766 668 Am.
786 634 900 675 Conj.,
918 645 951 667 n.
969 635 1022 675 60,
1038 626 1129 683 84]).

438 725 563 778 Quod
582 725 835 778 reciprocum
855 724 929 764 erit
948 730 992 764 ut
1011 723 1062 764 sit
1079 724 1179 764 unio
1198 723 1505 772 indissolubilis,
1526 724 1578 764 de
1599 737 1679 778 qua
1703 725 1890 779 (illustr.,
1911 737 1952 764 n.
1972 725 2044 779 37)
2056 739 2068 773 ;

437 788 688 829 Illustratum
708 801 783 840 per
803 787 1149 840 comparationem
1169 799 1263 828 cum
1283 794 1428 828 catena
1450 787 1509 842 (n.
1525 787 1578 840 38
1600 793 1672 837 [De
1686 796 1771 828 Am.
1793 795 1908 835 conj„
1924 805 1958 827 n.
1977 788 2067 842 85]).

436 882 562 938 Quod
588 883 687 923 unio
715 883 788 923 illa
815 883 866 923 sit
893 875 1006 935 apud
1032 882 1243 922 hominem
1272 896 1298 923 a
1328 883 1523 932 Domino,
1549 890 1588 924 et
1617 884 1728 937 quod
1757 883 1808 925 sit
1831 884 2036 925 Dominus
2059 885 2170 938 apud

517 947 635 987 illum
657 946 718 1002 (n.
741 958 794 999 39
819 951 891 995 [De
903 954 989 986 Am.
1009 953 1173 993 conj.,n.
1190 946 1283 1002 90]).

437 1042 562 1096 Quod
581 1042 680 1082 unio
698 1042 907 1096 reciproca
926 1042 976 1082 sit
997 1042 1169 1082 Domini
1190 1047 1230 1082 et
1248 1042 1426 1082 hominis
1451 1042 1627 1099 (ostens.‚
1646 1056 1688 1084 n.
1705 1042 1795 1099 40).

437 1139 562 1193 Quod
590 1138 826 1192 conjunctio
849 1139 1057 1192 reciproca
1082 1151 1176 1178 cum
1201 1139 1386 1179 Domino
1409 1139 1479 1179 fiat
1502 1152 1576 1192 per
1594 1139 1651 1189 id,
1672 1140 1785 1193 quod
1808 1140 1934 1181 homo
1957 1141 2103 1182 sentiat
2125 1141 2168 1181 id

518 1203 631 1257 quod
650 1202 785 1243 influit
803 1209 847 1243 ut
867 1215 985 1242 suum
1009 1201 1068 1258 (n.
1084 1202 1174 1257 40).

439 1299 565 1353 Quod
588 1311 732 1339 omnes
761 1299 935 1339 deliciae
958 1299 1124 1339 trahant
1146 1298 1325 1350 origines
1349 1310 1401 1338 ex
1425 1311 1562 1338 amore
1579 1298 1813 1349 voluntatis,
1838 1305 1878 1340 et
1899 1299 2170 1352 insigniantur

517 1363 753 1403 nominibus
773 1362 856 1402 suis
877 1363 920 1401 in
943 1362 1144 1416 sapientia
1163 1361 1398 1403 intellectus
1421 1362 1481 1419 (n.
1501 1361 1589 1418 77).

437 1459 560 1512 Quod
589 1471 705 1499 amor
732 1471 784 1498 ex
803 1458 997 1512 jucundis
1023 1458 1149 1508 vivat,
1170 1458 1229 1498 sic
1257 1464 1303 1499 ut
1321 1458 1552 1512 jucundum
1580 1458 1632 1500 sit
1653 1458 1739 1499 vita
1765 1459 1916 1499 amoris
1947 1458 2006 1515 (n.
2025 1459 2078 1512 78
2098 1466 2170 1508 [De

517 1530 604 1562 Am.
623 1529 739 1569 conj„
754 1539 789 1562 n.
809 1521 921 1578 461]).

435 1618 560 1671 Quod
580 1618 712 1658 omnis
732 1631 848 1658 amor
865 1617 997 1659 trahat
1015 1631 1247 1671 supremam
1267 1619 1467 1671 originem
1483 1632 1534 1659 ex
1551 1619 1707 1659 Divino
1722 1614 1861 1660 amore
1882 1619 2054 1660 Domini
2073 1634 2170 1673 erga

514 1694 644 1734 genus
663 1681 915 1731 humanum3
940 1681 1015 1722 sed
1031 1682 1142 1735 quod
1161 1682 1233 1721 illa
1246 1682 1358 1722 varie
1379 1682 1592 1723 obvelatur
1611 1689 1650 1724 et
1667 1683 1919 1732 inflectatun
1944 1684 2018 1723 sed
2038 1697 2168 1737 usque

517 1746 630 1799 quod
649 1745 707 1785 ibi
725 1745 869 1785 intime
889 1746 952 1794 sit,
974 1751 1014 1786 et
1034 1746 1104 1786 det
1122 1758 1304 1785 amorem
1323 1746 1596 1799 intelligendi,
1616 1753 1774 1799 praeter
1792 1747 1910 1800 plura
1932 1748 1991 1803 (n.
2010 1746 2097 1803 79).

433 1841 558 1894 Quod
585 1854 703 1881 amor
728 1841 1010 1895 progrediatur
1031 1855 1105 1894 per
1134 1854 1275 1882 causas
1305 1842 1359 1882 ad
1387 1841 1595 1892 effectum,
1619 1848 1659 1883 et
1681 1843 1735 1883 ad
1759 1842 1928 1884 effectus
1955 1843 2188 1884 ulteriores·

516 1918 645 1958 usque
666 1905 719 1945 ad
740 1906 951 1955 ultimum3
983 1912 1023 1946 et
1041 1906 1139 1945 inde
1157 1905 1262 1946 redit
1282 1906 1336 1945 ad
1357 1905 1548 1947 effeetum
1569 1905 1759 1959 primum,
1780 1908 1853 1947 sed
1877 1921 1961 1948 non
1980 1922 2053 1962 per
2072 1923 2166 1949 ean-

515 1968 612 2008 dem
639 1968 773 2018 viam;
814 1975 855 2010 et
883 1969 995 2022 quod
1023 1970 1083 2009 sic
1111 1983 1229 2009 amor
1256 1970 1410 2022 primus
1436 1969 1575 2011 videat
1603 1983 1647 2011 se
1675 1971 1719 2011 in
1747 1971 1926 2025 imagine
1955 1972 2000 2012 in
2027 1986 2166 2013 amore

514 2032 662 2082 alter03
697 2046 811 2072 amor
830 2033 985 2086 primus
1004 2033 1192 2086 producit
1212 2033 1284 2073 illa
1305 2032 1365 2090 (n.
1382 2033 1470 2089 80).

435 2126 656 2169 Circulatio
684 2128 758 2169 illa
779 2129 928 2168 amoris
951 2129 1152 2169 illustrata
1179 2142 1254 2182 per
1275 2129 1581 2170 circulationem
1604 2130 1812 2184 sanguinis
1835 2144 1859 2172 e
1879 2132 2002 2172 corde
2025 2132 2068 2172 in
2098 2145 2169 2172 cor

515 2205 591 2245 per
609 2204 770 2245 corpus,
789 2198 877 2233 tum
896 2206 970 2246 per
987 2193 1229 2246 pulmonem
1249 2194 1307 2247 (n.
1324 2192 1404 2249 81).

433 2289 558 2341 Quod
580 2302 697 2329 amor
719 2289 771 2330 sit
793 2289 898 2339 finis,
920 2296 963 2330 et
985 2290 1097 2343 quod
1116 2289 1302 2343 jucunda
1325 2290 1412 2343 ejus
1436 2291 1750 2343 progrediantur
1768 2291 1872 2331 sicut
1899 2290 2005 2341 finis,
2030 2303 2164 2341 causa,

514 2358 555 2393 et
574 2352 766 2393 effectus:
797 2353 1006 2406 quomodo
1029 2366 1073 2393 se
1096 2354 1221 2393 habet
1242 2365 1335 2393 cum
1352 2354 1545 2406 jucundis
1566 2354 1654 2407 ejus
1682 2354 1717 2394 si
1740 2354 1968 2408 progressio
1987 2354 2165 2408 interpo-

513 2416 619 2457 latur
638 2417 928 2470 (illustratum,
948 2430 990 2458 n,
1007 2417 1089 2471 82).
1151 2417 1282 2474 (Vide
1300 2417 1450 2474 finis.)

294 2531 420 2576 Amor·
437 2533 1048 2589 conju9Ialis.—ll{emorabile,
1069 2535 1181 2588 quod
1201 2535 1276 2575 visi
1299 2535 1422 2575 [¹]sint
1445 2535 1529 2575 duo
1552 2535 1690 2588 angeli
1714 2549 1736 2576 e
1759 2536 1877 2576 tertio
1898 2536 2013 2576 caelo
2033 2537 2101 2590 qui
2121 2537 2164 2576 in

512 2610 650 2638 amore
664 2611 761 2638 vere
777 2598 998 2651 conjugiali
1015 2605 1128 2639 erant
1137 2614 1148 2648 ;
1175 2607 1214 2639 et
1227 2599 1439 2652 descripti:
1471 2605 1511 2639 et
1526 2600 1638 2652 quod
1651 2599 1931 2639 membranam
1952 2601 2004 2640 de
2024 2614 2162 2640 amore

515 2666 735 2720 conjugiali
754 2667 947 2721 scriptam
966 2668 1203 2721 reliquerint
1224 2667 1284 2724 (n.
1301 2680 1319 2707 1
1340 2674 1412 2717 [De
1426 2676 1510 2708 Am.
1533 2675 1648 2715 Conj„
1664 2686 1698 2708 n.
1716 2686 1770 2716 42,
1787 2670 1878 2724 43]).

433 2765 558 2818 Quod
587 2779 700 2806 amor
719 2766 770 2807 sit
796 2766 935 2820 imago
958 2766 1079 2807 unius
1107 2767 1150 2806 in
1178 2767 1320 2815 altero,
1345 2779 1430 2806 non
1453 2766 1592 2820 imago
1613 2779 1812 2820 personae
1836 2767 1908 2807 sed
1932 2766 2159 2821 qualitatis;

513 2830 626 2883 quod
645 2831 714 2871 hic
732 2844 849 2870 amor
867 2830 919 2871 sit
939 2831 1140 2871 amicitiae
1162 2831 1218 2882 (n.
1236 2830 1300 2886 18)
1315 2846 1327 2880 ;

431 2894 546 2935 Inter
573 2894 768 2947 conjuges
796 2900 856 2935 est
878 2908 963 2934 non
985 2895 1113 2935 modo
1141 2895 1278 2947 imago
1303 2894 1376 2934 sed
1400 2894 1523 2934 etiam
1547 2894 1784 2944 similitudo,
1808 2908 1913 2948 quae
1941 2894 2090 2935 residet
2118 2895 2161 2934 in

515 2957 679 2997 illorum
698 2957 925 3008 animabus,
946 2964 987 2998 et
1005 2972 1048 2999 se
1069 2959 1302 2999 manifestat
1320 2959 1364 2998 in
1384 2959 1504 2999 variis
1523 2958 1567 2997 in
1587 2970 1754 3011 corpore
1779 2956 1840 3014 (n.
1857 2958 1916 3007 18,
1933 2958 2013 3013 19).

433 3052 557 3105 Quod
579 3052 678 3093 inde
696 3053 759 3093 vir
781 3060 978 3106 agnoscat
1005 3054 1117 3107 quod
1146 3067 1219 3094 sua
1242 3067 1346 3094 uxor
1364 3053 1511 3103 futura,
1537 3059 1576 3094 et
1599 3053 1711 3108 quod
1732 3054 1835 3094 haec
1863 3052 2088 3093 similitudo
2116 3066 2159 3093 se

511 3116 739 3157 manifestet
760 3116 1052 3172 (illustratum,
1073 3131 1112 3158 n.
1131 3119 1218 3172 20).

433 3220 555 3272 Quod
569 3221 828 3274 providentia
843 3222 1015 3262 Domini
1030 3223 1079 3263 sit
1094 3222 1146 3262 de
1163 3221 1361 3276 conjugiis
1381 3221 1448 3277 (de
1461 3236 1558 3276 qua,
1571 3235 1613 3262 n.
1629 3233 1673 3261 21
1689 3227 1852 3270 [DeAm.
1872 3227 1987 3268 conj„
2001 3238 2034 3260 n.
2047 3220 2157 3277 229J).

431 3326 716 3374 Memorabile,
735 3327 846 3379 quod
867 3333 1189 3379 repraesentatae
1210 3327 1289 3367 sint
1310 3325 1483 3366 deliciae
1504 3326 1654 3366 amoris
1672 3338 1768 3366 vere
1789 3325 2044 3378 conjugialis‚
2065 3338 2160 3366 cum

511 3388 716 3438 flammeo,
733 3402 827 3429 cum
847 3390 1062 3439 coloribus,
1080 3402 1174 3430 cum
1194 3389 1434 3442 fragrantiis,
1451 3402 1545 3428 eum
1564 3388 1725 3437 floretis,
1742 3401 1836 3428 cum
1855 3388 2043 3438 arbuteis,
2064 3401 2160 3430 cum

510 3451 758 3501 volatilibus,
789 3459 830 3493 et
860 3465 954 3493 cum
983 3453 1250 3502 animalibus3
1289 3466 1395 3506 quae
1425 3452 1706 3492 describuntur
1737 3451 1796 3506 (n.
1819 3463 1884 3503 29,
1906 3463 1960 3504 30
1984 3458 2056 3501 [De
2069 3460 2154 3492 Am.

518 3520 634 3562 Conj„
651 3532 685 3555 n.
705 3515 794 3572 76]).

430 3617 497 3658 De
518 3618 717 3671 conjugiis
736 3620 779 3659 in
799 3620 914 3660 caelo
937 3619 998 3677 (n.
1017 3631 1126 3673 2-30
1145 3626 1217 3670 [De
1228 3627 1312 3659 Am.
1335 3626 1449 3667 conj„
1465 3636 1499 3658 n.
1517 3619 1669 3673 27—41]).

432 3721 498 3761 De
517 3721 674 3775 origine
694 3722 843 3764 amoris
863 3724 1105 3777 conjugialis
1127 3726 1187 3780 (n.
1205 3723 1333 3776 31—76
1353 3728 1425 3772 [De
1438 3730 1522 3762 Am.
1543 3729 1657 3770 conj„
1673 3739 1707 3762 n.
1727 3721 1906 3778 83-162J).
