2430 4256
364 376 432 438 48
1155 384 1444 426 CORONIS.

364 526 568 577 amoris
601 543 730 577 vere
763 525 1090 592 conjugialis
1130 542 1245 576 non
1286 525 1509 576 aliunde
1549 532 1635 576 est
1669 541 1834 591 quam
1867 517 1941 575 ex
1973 521 2231 590 conjugio

366 605 594 656 Domini
626 613 681 655 et
717 604 1024 664 Ecclesiae,
1055 605 1131 654 ita
1165 622 1237 654 ex
1267 620 1455 654 amore
1490 603 1715 653 Domini
1744 619 1878 668 erga
1910 601 2227 653 Ecclesiam

365 692 422 735 et
455 683 747 734 Ecclesiae
787 684 840 732 in
884 683 1185 732 Dominum
1223 681 1396 748 (quod
1436 683 1490 732 in
1529 682 1626 731 illo
1659 679 1943 747 opusculo,
1977 697 2009 731 a
2041 697 2092 730 n.
2131 678 2228 730 116

361 762 431 812 ad
478 776 590 826 131,
626 770 915 811 ostensum
955 760 1166 827 est),et
1199 762 1327 827 quia
1366 761 1419 810 in
1460 768 1694 826 utroque
1734 759 1839 810 hoc
1881 775 2070 809 amore
2108 757 2225 808 sue-

366 848 495 891 runt
535 841 908 906 antiquissimi
969 840 1232 906 quamdiu
1272 841 1623 890 retinuerunt
1670 840 1973 904 imaginem
2021 839 2126 890 Dei
2170 841 2224 890 in

366 937 441 979 se,
483 919 610 969 ideo
656 936 730 968 ex
776 917 873 967 illo
919 917 1190 984 opusculo
1236 935 1464 984 possum
1510 918 1883 968 transcribere
1934 919 2226 984 sequentia

366 999 504 1048 haec
552 997 621 1047 de
668 995 764 1046 illo
811 995 987 1056 cae10,
1031 996 1100 1046 ad
1147 996 1295 1063 quod
1342 1004 1476 1047 tunc
1524 996 1656 1046 mihi
1702 996 1886 1047 aditus
1926 1012 2226 1047 concessus

367 1083 472 1136 est,
508 1092 649 1142 quae
683 1082 813 1124 sunt
850 1072 1039 1140 [haec]
1063 1090 1150 1124 :—

464 1201 577 1257 3'7·
626 1205 650 1221 “
667 1197 947 1256 Quondam,
966 1211 1078 1240 cum
1103 1197 1371 1241 meditatus
1389 1211 1497 1241 sum
1516 1198 1578 1241 de
1597 1198 1783 1241 Amore
1802 1197 2098 1255 Conjugiali,
2116 1211 2226 1255 cap-

369 1259 492 1301 tavit
516 1266 733 1301 mentem
758 1256 1056 1300 desiderium
1080 1256 1266 1300 sciendi
1290 1256 1447 1312 qualis
1481 1257 1561 1299 ille
1595 1270 1734 1299 amor
1766 1256 1924 1300 fuerat
1955 1257 2086 1313 apud
2119 1257 2229 1301 illos

368 1318 451 1374 qui
476 1317 524 1359 in
549 1316 757 1360 Saeculo
781 1315 949 1358 Aureo
963 1315 1218 1365 vixerunt:
1252 1323 1302 1358 et
1320 1324 1492 1371 postea
1509 1315 1667 1372 qualis
1687 1315 1734 1357 in
1754 1316 2087 1372 sequentibus,
2103 1329 2229 1372 quae

368 1390 427 1420 ex
450 1376 690 1433 Argento,
715 1374 895 1430 Cupro,
920 1382 970 1417 et
1006 1373 1156 1416 Ferro
1177 1383 1432 1417 vocantur.
1498 1374 1560 1416 Et
1592 1374 1708 1430 quia
1741 1374 1855 1417 novi
1889 1375 2023 1431 quod
2057 1387 2231 1418 omnes

369 1435 451 1492 qui
476 1435 524 1477 in
545 1435 638 1477 illis
657 1433 863 1477 saeculis
882 1434 1006 1476 bene
1024 1433 1266 1481 vixerunt,
1287 1432 1334 1474 in
1353 1433 1500 1476 caelis
1517 1433 1628 1483 sint,
1645 1433 1779 1476 oravi
1798 1434 1860 1476 ad
1885 1433 2155 1477 Dominum
2173 1441 2230 1477 ut

371 1494 537 1537 liceret
556 1493 677 1535 mihi
696 1506 807 1535 cum
829 1492 924 1535 illis
947 1491 1082 1547 loqui
1108 1499 1157 1534 et
1181 1491 1370 1534 instrui.

457 1552 560 1595 “Et
593 1565 706 1595 ecce
738 1551 930 1594 adstitit
963 1550 1084 1592 mihi
1107 1549 1312 1606 angelus
1335 1558 1385 1593 et
1417 1550 1554 1598 dixit,
1580 1550 1784 1594 ‘Missus
1816 1564 1924 1594 sum
1958 1564 1986 1594 a
2011 1549 2230 1594 Domino

370 1620 423 1654 ut
446 1611 537 1655 sim
558 1609 734 1653 ductor
755 1618 805 1653 et
826 1623 1008 1652 comes.
1075 1609 1136 1651 Et
1160 1608 1371 1664 primum
1395 1618 1444 1651 te
1468 1609 1643 1652 ducam
1667 1617 1717 1652 et
1739 1610 2014 1652 comitabor
2035 1610 2097 1652 ad
2122 1609 2232 1653 illos

369 1671 452 1727 qui
490 1670 722 1712 vixerunt
760 1668 920 1724 primo
959 1668 1100 1710 Aevo
1137 1681 1223 1710 seu
1263 1666 1484 1717 Saeculo,
1524 1668 1657 1723 quod
1696 1677 1902 1710 vocatur
1934 1668 2186 1711 Aureum!
2207 1668 2230 1683 ’'

458 1726 740 1784 (Saeculum
765 1727 987 1770 Aureum
1013 1727 1144 1771 idem
1169 1735 1244 1771 est
1265 1741 1378 1771 cum
1403 1726 1611 1771 Saeculo
1635 1726 2026 1783 Antiquissimae
2061 1725 2231 1770 Eccle-

367 1787 482 1837 siae,
507 1788 641 1843 quod
676 1786 970 1843 intelligitur
996 1799 1083 1842 per
1107 1785 1307 1842 “Caput
1338 1799 1398 1829 ex
1430 1798 1550 1829 auro
1583 1785 1752 1828 bono”
1775 1799 1922 1841 super
1943 1793 2108 1828 statua
2127 1784 2234 1828 visa

369 1845 806 1889 Nebuchadnezari
832 1845 879 1887 in
904 1845 1113 1894 somnio,
1136 1846 1268 1888 Dan.
1293 1844 1339 1888 ii.
1365 1857 1433 1899 32,
1457 1845 1519 1887 de
1541 1858 1641 1901 quo
1665 1844 1833 1900 prius.)

455 1904 719 1961 “Angelus
743 1903 881 1953 dixit,
903 1910 912 1925 ‘
928 1904 1015 1947 Est
1046 1904 1107 1947 ad
1143 1903 1254 1947 illos
1275 1903 1356 1947 via
1377 1903 1554 1952 ardua;
1587 1911 1662 1946 est
1695 1916 1781 1958 per
1803 1902 1976 1945 silvam
2009 1914 2231 1958 opacam,

368 1979 514 2022 quam
541 1977 688 2007 nemo
711 1971 876 2019 potest
898 1963 1120 2012 transire,
1145 1963 1238 2006 nisi
1262 1963 1386 2006 duce
1410 1963 1528 2006 dato
1551 1976 1579 2006 a
1603 1962 1851 2006 Domino.'
2234 1959 2238 1966 '

457 2023 641 2067 “Eram
676 2022 725 2064 in
759 2022 949 2079 spiritu,
973 2031 1023 2065 et
1044 2021 1232 2065 accinxi
1267 2035 1345 2064 me
1367 2021 1498 2071 viae;
1541 2030 1591 2064 et
1622 2021 1956 2065 convertimus
1989 2020 2138 2065 facies
2169 2022 2230 2065 ad

368 2083 636 2133 orientem;
674 2089 724 2125 et
754 2081 802 2124 in
827 2081 1079 2138 pergendo
1101 2080 1203 2123 vidi
1227 2089 1448 2124 montem
1473 2080 1613 2137 cujus
1635 2080 1848 2123 altitudo
1881 2080 2083 2137 pertigit
2105 2081 2234 2124 ultra

369 2142 622 2199 regionem
648 2140 869 2184 nubium.
932 2139 1272 2183 Transivimus
1296 2139 1547 2182 desertum
1572 2153 1820 2196 magnum,
1845 2148 1894 2182 et
1917 2139 2232 2195 pervenimus

369 2201 418 2243 in
452 2201 626 2244 silvam
660 2214 720 2242 ex
751 2199 899 2242 variis
933 2199 1162 2242 arborum
1197 2198 1459 2255 generibus
1492 2197 1778 2246 confertam,
1812 2206 1862 2240 et
1893 2211 1954 2241 ex
1986 2197 2231 2242 densitate

369 2260 562 2303 illarum
581 2272 801 2315 opacam,
821 2259 882 2301 de
901 2271 999 2314 qua
1015 2257 1220 2314 angelus
1239 2256 1496 2312 praedixit.
1541 2255 1638 2299 Sed
1657 2265 1763 2299 erat
1781 2256 1904 2299 silva
1923 2256 2006 2300 illa
2022 2255 2158 2300 secta
2180 2257 2229 2299 in

369 2319 533 2375 plures
557 2318 780 2360 tramites
810 2325 1075 2373 angustos;
1127 2324 1177 2359 et
1210 2315 1335 2358 dixit
1357 2315 1562 2372 angelus
1585 2315 1718 2371 quod
1752 2315 1975 2358 totidem.
1997 2315 2231 2372 ambages

369 2391 592 2421 errorum
617 2377 729 2426 sint,
754 2384 804 2419 et
836 2375 970 2432 quod
994 2375 1088 2418 nisi
1112 2374 1396 2431 aperiantur
1417 2374 1547 2416 oculi
1580 2387 1610 2416 a
1643 2373 1872 2423 Domino,
1896 2382 1946 2417 et
1970 2373 2233 2417 videantur

369 2437 507 2479 oleae
531 2435 806 2492 pampineis
838 2434 1022 2477 vitibus
1055 2431 1447 2481 circumcinctae,
1472 2446 1528 2475 ac
1560 2432 1780 2475 ferantur
1801 2446 1997 2489 gressus
2028 2433 2089 2476 ab
2121 2433 2232 2476 olea

368 2495 429 2538 ad
469 2495 644 2543 oleam,
684 2493 904 2539 abiturus
947 2492 1012 2536 sit
1052 2492 1217 2536 viator
1259 2490 1307 2534 in
1346 2491 1550 2534 Tartara
1588 2492 1732 2547 [quae
1774 2491 1957 2534 circum
2002 2491 2131 2535 circa
2166 2491 2228 2534 ad

369 2555 524 2597 latera
539 2552 730 2607 sunts1]].
797 2551 935 2594 Haec
952 2551 1076 2594 silva
1097 2550 1210 2594 talis
1228 2558 1304 2593 est
1327 2558 1528 2606 propter
1550 2549 1695 2592 finem
1721 2558 1776 2592 ut
1798 2549 2107 2593 custodiatur
2126 2549 2230 2593 adi-

368 2622 473 2662 tus;
506 2626 606 2655 non
631 2612 761 2654 enim
786 2610 882 2653 alia
902 2624 1023 2667 gens
1047 2623 1195 2666 quam
1220 2609 1470 2665 primaeva
1490 2622 1638 2664 super
1661 2616 1830 2652 monte
1854 2608 1938 2651 illo
1962 2608 2163 2652 habitat.

458 2671 770 2726 “Postquam
796 2669 1086 2712 intravimus
1109 2669 1281 2711 silvam
1315 2667 1471 2723 aperti
1502 2676 1618 2710 sunt
1650 2667 1793 2716 oculi,
1816 2680 1873 2710 ac
1903 2667 2118 2711 vidimus
2150 2667 2230 2711 hic

369 2739 418 2774 et
451 2730 516 2773 ibi
549 2729 684 2773 oleas
707 2728 1070 2784 circumligatas
1088 2727 1285 2775 vitibus,
1309 2739 1335 2769 e
1368 2725 1546 2782 quibus
1570 2726 1853 2782 pendebant
1885 2725 2015 2769 botri
2047 2726 2229 2770 coloris

369 2788 564 2846 cyanei:
601 2801 659 2831 ac
689 2787 827 2830 oleae
850 2795 989 2830 erant
1023 2786 1071 2828 in
1096 2793 1362 2842 perpetuos
1384 2785 1526 2828 orbes
1549 2785 1846 2840 dispositae:
1884 2798 2036 2841 quare
2057 2798 2230 2828 secun-

370 2850 487 2891 dum
525 2844 844 2902 conspectum
887 2845 1079 2888 illarum
1118 2843 1432 2887 circuivimus
1474 2851 1524 2886 et
1566 2843 1895 2892 circuivimus,
1934 2851 1984 2886 et
2025 2844 2227 2886 tandem

369 2907 584 2949 vidimus
606 2906 770 2947 lucum
795 2918 855 2947 ex
877 2903 989 2947 altis
1012 2903 1184 2952 cedris,
1204 2910 1254 2945 et
1275 2915 1423 2958 super
1441 2901 1633 2944 illarum
1652 2901 1801 2944 ramis
1818 2902 2007 2958 aliquas
2025 2901 2228 2958 aquilas.

370 2965 563 3022 Quibus
594 2963 712 3007 visis
746 2963 871 3005 dixit
903 2963 1121 3019 angelus,
1147 2960 1317 3004 ‘Nunc
1350 2960 1398 3003 in
1433 2969 1603 3003 monte
1635 2974 1818 3010 sumus,
1852 2974 1951 3003 non
1990 2961 2163 3017 procul
2200 2974 2227 3004 a

369 3023 553 3067 vertice
567 3022 702 3079 ejus.'

460 3089 483 3104 ‘⁶
502 3082 563 3124 Et
587 3080 904 3137 perreximus,
923 3087 973 3123 et
996 3092 1109 3122 ecce
1133 3086 1246 3135 post
1267 3078 1434 3121 lucum
1452 3091 1656 3134 campus
1675 3077 1933 3127 rotundus,
1951 3076 2036 3120 ubi
2060 3090 2227 3134 pasce-

371 3143 488 3184 bant
511 3139 623 3197 agni
647 3147 697 3182 et
719 3152 889 3195 agnae,
909 3151 1035 3194 quae
1059 3146 1198 3180 erant
1222 3136 1410 3180 formae
1434 3136 1880 3192 repraesentativae
1903 3144 2062 3179 status
2086 3135 2226 3180 inno-

371 3200 562 3243 centiae
600 3207 650 3242 et
688 3198 820 3253 pacis
860 3205 1225 3240 montanorum.
1290 3194 1439 3238 Hunc
1476 3193 1749 3250 campum[²l
1786 3194 2131 3244 transivimus;
2178 3202 2228 3238 et

372 3272 484 3301 ecce
509 3258 611 3300 visa
628 3265 742 3300 sunt
759 3255 1076 3298 tabernacula
1093 3263 1142 3298 et
1164 3253 1493 3302 tabernacula,
1517 3254 1578 3296 ad
1600 3254 1739 3310 plura
1761 3252 1915 3296 millia
1930 3261 2226 3303 antrorsum,

371 3326 421 3360 et
444 3317 505 3360 ad
529 3317 683 3359 latera
707 3315 754 3356 in
777 3328 975 3357 omnem
1000 3313 1339 3356 extensionem
1362 3311 1511 3355 visus.

461 3375 566 3418 “Et
598 3374 722 3416 dixit
753 3373 970 3428 angelus,
1005 3371 1175 3415 ‘Nunc
1206 3384 1376 3414 sumus
1413 3370 1462 3412 in
1499 3370 1671 3413 castris
1709 3370 1791 3412 ubi
1833 3369 2088 3412 Exercitus
2126 3368 2227 3412 Do-

373 3433 492 3476 mini
524 3432 765 3491 Jehovih;
805 3431 873 3474 ita
904 3445 955 3474 se
993 3439 1043 3474 et
1080 3429 1414 3473 habitationes
1448 3443 1559 3472 suas
1590 3428 1815 3474 vocant1³1
1878 3427 2226 3484 Antiquissimi

373 3493 437 3542 hi,
473 3493 591 3535 dum
632 3491 679 3532 in
720 3490 906 3532 mundo
949 3488 1162 3539 fuerunt,
1197 3488 1547 3531 habitaverunt
1587 3487 1635 3530 in
1673 3486 2028 3537 tabernaculis;
2075 3499 2227 3542 quare

373 3551 523 3595 etiam
549 3563 679 3592 nunc
703 3549 751 3591 in
777 3548 870 3591 illis
894 3547 1148 3591 habitant.’

462 3608 598 3652 “Sed
623 3607 737 3655 dixi,
758 3615 766 3629 ‘
786 3605 1064 3650 FleClamus
1081 3606 1211 3648 viam
1228 3605 1286 3648 ad
1306 3605 1575 3654 meridiem,
1595 3604 1677 3647 ubi
1696 3612 1812 3647 sunt
1829 3602 2153 3659 sapientiores
2171 3601 2227 3645 il-

374 3669 548 3717 lorum,
574 3675 628 3709 ut
651 3666 1004 3709 conveniamus
1027 3665 1240 3721 aliquem
1264 3674 1376 3707 cum
1401 3677 1500 3720 quo
1523 3663 1767 3707 sociemus
1790 3661 2099 3706 sermonem!
