2496 4250
417 461 517 512 1‘34
941 457 1023 496 DE
1064 455 1238 496 NOVA
1277 455 1734 496 HIEROSOLYMA

510 596 673 662 236.
725 595 994 646 Felicitas
1034 604 1287 655 aeterna,
1317 613 1461 661 quae
1500 596 1672 646 etiam
1712 596 1979 662 gaudium
2019 597 2271 649 caeleste

411 682 663 732 vocatur,
718 681 805 723 est
857 672 964 722 illis
1015 673 1106 738 qui
1159 673 1212 721 in
1266 689 1454 723 amore
1506 681 1563 724 et
1614 672 1721 723 fide
1777 675 1830 722 in
1885 673 2189 724 Dominum
2241 693 2274 725 a

413 751 658 801 Domino
692 759 853 813 sunt3
896 751 990 800 ille
1024 766 1182 800 amor
1214 758 1270 801 et
1305 750 1402 800 illa
1435 750 1572 801 fides
1612 752 1666 800 in
1701 768 1759 801 se
1793 751 2006 801 habent
2046 752 2100 801 id
2134 769 2272 818 gau-

412 829 596 879 dium:
646 830 700 878 in
741 829 795 878 id
836 829 992 878 venit
1034 828 1206 878 homo
1247 836 1376 894 post
1417 836 1677 887 mortem,
1721 830 1812 895 qui
1851 829 2069 879 caelum
2119 831 2173 880 in
2215 847 2274 881 se

411 908 617 969 habet;
654 908 870 956 interea
898 907 1254 956 reconditum
1285 906 1428 956 latet
1461 907 1515 956 in
1548 907 1771 957 interno
1800 906 1932 972 ejus.
2010 908 2073 957 In
2102 907 2275 958 caelis

411 995 498 1036 est
533 986 853 1035 communio
887 986 1134 1035 omnium
1169 985 1479 1047 bonorum;
1522 1002 1653 1051 pax,
1690 986 2090 1051 intelligentia,
2126 988 2274 1052 sapi-

412 1065 583 1123 entia,
628 1073 684 1113 et
738 1063 976 1113 felicitas
1018 1064 1267 1113 omnium
1320 1064 1811 1114 communicantur
1861 1065 2130 1115 unicuivis
2181 1065 2272 1124 ibi,

411 1149 670 1191 attamen
706 1141 939 1207 singulis
973 1142 1281 1192 secundum
1315 1142 1700 1207 receptionem
1735 1144 1940 1192 amoris
1981 1151 2038 1193 et
2078 1142 2204 1196 fidei
2245 1161 2277 1194 a

412 1218 690 1269 Domino:
741 1221 871 1270 inde
913 1228 1073 1286 patet
1115 1228 1328 1286 quanta
1367 1237 1500 1286 an,
1543 1220 1942 1286 intelligentia,
1978 1221 2273 1287 sapientia,

411 1307 470 1348 et
502 1299 741 1349 felicitas
775 1300 829 1348 in
863 1299 1023 1349 caelo
1057 1307 1160 1349 est.

434 1438 439 1443 ,
511 1389 665 1444 237.
716 1378 1217 1444 Quemadmodum
1246 1395 1405 1429 amor
1437 1379 1491 1428 in
1522 1379 1829 1429 Dominum
1863 1387 1920 1429 et
1952 1395 2112 1429 amor
2139 1395 2277 1445 erga

411 1458 731 1522 proximum
760 1457 970 1506 faciunt
1000 1457 1176 1506 vitam
1207 1455 1348 1506 caeli
1377 1456 1525 1521 apud
1561 1456 1864 1516 hominem,
1896 1457 1975 1506 ita
2009 1472 2166 1506 amor
2194 1457 2277 1506 sui

412 1542 470 1584 et
503 1550 659 1583 amor
688 1534 895 1591 mundi,
922 1534 1148 1600 quando
1176 1541 1436 1599 regnant,
1462 1533 1671 1584 faciunt
1701 1535 1875 1584 vitam
1905 1534 2100 1584 inferni
2128 1534 2275 1600 apud

411 1610 585 1672 illum,
623 1629 751 1662 nam
793 1612 848 1662 hi
889 1629 1110 1662 amores
1153 1611 1261 1662 illis
1303 1612 1549 1678 oppositi
1591 1620 1754 1662 sunt:
1812 1620 2157 1678 quapropter
2197 1612 2277 1662 illi

412 1692 558 1759 apud
589 1709 727 1757 quos
750 1707 970 1741 amores
1001 1692 1081 1740 sui
1111 1699 1167 1741 et
1198 1691 1389 1740 mundi
1418 1699 1678 1756 regnant,
1706 1690 1841 1740 nihil
1871 1698 2107 1757 possunt
2136 1691 2275 1741 reci-

412 1789 543 1838 pere
577 1789 606 1821 e
640 1770 816 1831 caelo,
848 1771 946 1820 sed
981 1787 1120 1836 quae
1150 1771 1426 1835 recipiunt
1459 1778 1588 1820 sunt
1618 1787 1692 1820 ex
1722 1770 1976 1833 inferno;
2018 1769 2276 1836 quicquid

413 1853 560 1902 enim
590 1850 761 1900 homo
790 1858 943 1900 amat
973 1858 1030 1899 et
1064 1849 1326 1915 quicquid
1356 1849 1552 1908 credit,
1584 1848 1673 1899 vel
1708 1867 1737 1899 e
1771 1848 1931 1900 caelo
1960 1857 2046 1900 est
2079 1848 2168 1899 vel
2204 1866 2277 1899 ex

412 1929 628 1979 inferno
657 1936 760 1978 est.

511 2008 671 2074 238.
721 2007 812 2057 Illi
844 2007 992 2073 apud
1026 2023 1166 2072 quos
1199 2022 1358 2056 amor
1390 2006 1472 2056 sui
1505 2013 1562 2056 et
1596 2022 1754 2056 amor
1786 2007 1979 2056 mundi
2010 2014 2276 2074 regnant,

413 2103 526 2136 non
561 2086 741 2135 sciunt
777 2085 905 2149 quid
940 2084 1158 2134 caelum
1199 2091 1256 2134 et
1297 2083 1428 2150 quid
1467 2083 1708 2133 felicitas
1741 2084 1900 2144 caeli,
1937 2092 1995 2134 et
2036 2084 2277 2135 incredi-

412 2165 522 2215 bile
551 2164 658 2214 illis
682 2171 917 2229 apparet
947 2163 1096 2229 quod
1125 2162 1364 2212 felicitas
1393 2163 1446 2212 in
1476 2163 1597 2212 aliis
1620 2164 1902 2213 amoribus
1925 2163 2089 2213 detur
2111 2179 2277 2229 quam

412 2244 467 2293 in
501 2243 644 2306 illis;
688 2259 813 2292 cum
848 2250 1041 2292 tamen
1071 2249 1295 2291 tantum
1329 2242 1503 2291 intrat
1536 2241 1775 2293 felicitas
1810 2241 1968 2302 caeli,
2001 2250 2276 2308 quantum

412 2322 490 2372 illi
520 2338 739 2372 amores
768 2329 828 2371 ut
856 2320 995 2371 fines
1023 2327 1417 2370 removentur:
1453 2319 1708 2381 felicitaS,
1734 2338 1875 2386 quae
1904 2320 2013 2370 illis
2041 2321 2275 2370 remotis

412 2401 682 2460 succedit,
720 2408 806 2450 est
840 2407 1005 2449 tanta
1038 2407 1097 2449 ut
1135 2398 1382 2448 excedat
1415 2414 1643 2448 omnem
1677 2406 1906 2464 captum
1941 2398 2202 2448 hominis,

440 2526 444 2529 ,
511 2493 675 2546 239.
725 2479 863 2529 Vita
907 2479 1152 2528 hominis
1192 2495 1306 2528 non
1345 2479 1550 2528 mutari
1594 2485 1789 2543 potest
1829 2485 1958 2543 post
1998 2486 2276 2542 mortem;

413 2566 606 2608 manet
630 2566 763 2607 tunc
788 2556 965 2622 qualis
994 2556 1172 2605 fuerat
1196 2573 1206 2618 ;
1250 2572 1380 2605 nam
1405 2556 1631 2620 spiritus
1654 2555 1894 2605 hominis
1922 2563 2079 2606 totus
2101 2572 2277 2621 quan-

414 2645 504 2687 tus
537 2644 623 2686 est
658 2635 836 2701 qualis
870 2634 983 2699 ejus
1018 2651 1191 2694 amor,
1229 2642 1287 2684 et
1326 2650 1484 2684 amor
1516 2633 1802 2683 infernalis
1836 2650 1946 2683 non
1981 2634 2278 2685 transcribi

415 2723 607 2781 potest
636 2715 690 2764 in
720 2730 970 2764 amorem
1000 2713 1328 2774 caelestem,
1359 2713 1622 2779 quoniam
1651 2713 1898 2779 oppositi
1925 2720 2071 2763 sunt.
2150 2712 2276 2763 Hoc

414 2793 750 2858 intelligitur
780 2810 878 2858 per
911 2792 1226 2842 Abrahami
1259 2791 1432 2842 verba
1463 2791 1534 2841 ad
1569 2791 1803 2841 divitem
1833 2792 1886 2840 in
1920 2790 2151 2851 infernO,

498 2905 697 2944 “Hiatus
720 2917 910 2954 magnus
933 2911 1019 2942 est.
1039 2904 1173 2942 ,inter
1193 2914 1274 2941 vos
1296 2909 1340 2941 et
1364 2915 1460 2949 nos,
1483 2909 1530 2940 ut
1556 2901 1616 2940 illi
1639 2902 1711 2952 qui
1733 2901 1888 2940 volunt
1909 2901 2099 2940 transire
2121 2901 2174 2940 ad
2197 2913 2278 2940 vos

634 2972 723 2998 non
746 2959 931 3009 possint,
955 2970 1098 3008 neque
1120 2958 1254 2996 etiam
1276 2957 1406 2995 istinc
1427 2957 1615 2996 transire
1637 2957 1693 2995 ad
1717 2955 1834 2994 nos'’
1857 2955 1976 3006 (Luc,
1998 2956 2085 2995 xvi.
2103 2956 2183 3005 26).

417 3074 555 3124 Inde
589 3080 751 3139 patet
791 3071 940 3138 quod
981 3071 1071 3137 qui
1112 3072 1167 3120 in
1207 3070 1480 3120 infernum
1513 3069 1764 3126 veniunt,
1800 3069 1874 3118 ibi
1913 3076 2183 3119 maneant
2221 3068 2278 3119 in

417 3161 743 3214 aeternum3
786 3158 842 3201 et
875 3151 963 3217 qui
992 3151 1046 3199 in
1076 3148 1294 3200 caelum
1322 3149 1575 3208 veniunt,
1606 3148 1679 3197 ibi
1709 3156 1978 3198 maneant
2007 3148 2061 3197 in
2089 3154 2276 3198 aeter-

419 3248 568 3282 num.

506 3454 655 3502 240.
699 3444 945 3503 Quoniam
964 3444 1024 3487 de
1043 3442 1193 3487 Caelo
1215 3451 1265 3486 et
1290 3441 1488 3486 Inferno
1513 3441 1561 3484 in
1580 3441 1811 3499 singulari
1836 3453 1983 3497 opere
2002 3438 2163 3484 actum
2187 3447 2276 3489 est,

418 3520 468 3556 et
491 3512 556 3555 ibi
581 3525 776 3569 quoque
799 3509 1011 3554 adducta
1034 3518 1148 3554 sunt
1171 3523 1295 3566 quae
1320 3510 1368 3552 in
1386 3509 1599 3551 Arcanis
1617 3508 1897 3552 Caelestibus
1918 3508 1978 3552 de
2003 3507 2098 3551 illis
2120 3506 2278 3551 conti—

420 3588 612 3630 nentur,
638 3579 748 3623 ideo
772 3591 870 3622 non
895 3591 1019 3633 opus
1043 3586 1117 3622 est
1141 3577 1220 3621 hic
1243 3577 1385 3633 plura
1406 3575 1599 3620 addere.
