2430 4256
398 445 469 497 60
1188 453 1473 495 CORONIS.

484 597 648 636 “Dixit
677 596 878 649 Jehovah
909 596 965 636 ad
997 595 1202 644 Mosen,'’
1226 596 1306 635 Dic
1337 596 1436 635 filiis
1460 595 1637 635 Israelis
1668 604 1714 635 ut
1740 594 1870 635 “sint
1899 596 2040 646 parati
2070 596 2115 636 in
2145 597 2262 637 diem

617 651 809 696 tertium,
836 651 937 702 quia
957 651 1028 690 die
1059 651 1188 689 tertio
1209 651 1448 690 descendet
1477 650 1678 702 Jehovah
1709 651 1753 689 in
1785 651 1923 690 oculis
1944 651 2091 690 omnis
2112 652 2263 702 populi

616 718 749 755 super
780 705 983 744 Montem
1016 705 1151 744 Sinai.
1215 735 1224 744 .
1247 736 1256 745 .
1281 736 1289 745 .
1312 735 1322 745 .
1387 705 1441 744 Et
1469 703 1636 744 factum
1668 712 1735 744 est
1764 706 1808 743 in
1840 705 1910 744 die
1940 706 2070 744 tertio
2089 736 2098 746 .
2121 736 2131 746 .
2154 736 2163 746 .
2185 737 2195 746 .
2215 713 2264 746 ut

615 767 767 799 essent
787 772 922 798 voces
944 767 988 798 et
1018 759 1194 809 fulgura
1214 767 1258 798 et
1288 760 1427 798 nubes
1448 756 1641 809 gravis[¹]
1664 771 1797 810 super
1823 767 1989 807 monte,
2014 768 2058 799 et
2078 772 2168 799 vox
2187 761 2265 800 bu-

616 815 742 853 cinae
765 814 892 852 valde
910 814 1167 860 vehemens,
1192 821 1240 852 ut
1270 814 1509 863 trepidaret
1529 814 1762 853 universus
1784 814 1972 864 populus
1994 814 2066 866 qui
2097 815 2142 853 in
2171 827 2265 854 cas-

616 869 709 908 tris.
774 899 782 908 .
803 899 810 908 .
831 899 840 908 .
861 899 869 907 .
935 868 1068 907 Mons
1092 867 1212 906 Sinai
1243 875 1362 907 totus
1383 868 1595 915 fumabat,
1621 869 1724 919 quia
1743 869 1972 908 descendit
2001 881 2134 919 super
2162 881 2263 908 eum

618 919 860 974 [Jehovah]
895 922 939 961 in
970 921 1119 972 igne,'’
1142 930 1185 962 et
1215 923 1526 972 promulgabat
1546 935 1694 962 coram
1717 923 1881 973 populo
1913 923 2076 974 Legem
2105 922 2260 973 (Exod.

614 978 702 1017 xiX.
723 988 857 1028 9-24;
888 989 982 1027 cap.
1008 973 1124 1029 [xx]
1147 986 1249 1025 1—15
1273 975 1347 1029 [B.
1368 979 1425 1018 A.
1451 974 1607 1029 1-18]).

397 1096 679 1163 Apparuit
713 1097 886 1147 etiam
922 1096 1199 1147 Dominus
1230 1097 1436 1163 Josuae
1470 1105 1531 1148 ut

481 1220 739 1271 “Princeps
780 1220 998 1260 exercitus
1028 1220 1265 1273 Jehovae’'
1297 1233 1445 1260 coram
1478 1234 1564 1273 quo
1603 1221 1743 1274 josua
1781 1223 1938 1262 cecidit
1975 1222 2088 1262 facie
2127 1234 2265 1275 super

615 1283 793 1323 terram,
819 1283 863 1315 et
885 1276 1062 1315 vocavit
1085 1275 1216 1315 Illum
1238 1275 1495 1327 Adonajum
1517 1289 1645 1316 suum
1668 1277 1782 1329 (Jos.
1802 1290 1843 1317 v.
1869 1288 1930 1326 13,
1955 1277 2034 1328 14).

516 1395 732 1446 Vocatz’o
755 1395 1010 1463 filiorum
1040 1395 1279 1446 [sraelis
1318 1395 1399 1446 ad
1434 1395 1670 1447 Terram
1707 1395 1753 1448 C
1754 1414 2040 1458 (melanem,
2074 1397 2155 1448 ita
2180 1397 2265 1448 ‹ad

397 1474 732 1535 Ecclesiam,
776 1475 948 1524 etiam
989 1482 1076 1524 ter
1134 1471 1282 1525 facta
1321 1482 1439 1538 est3
1500 1491 1610 1525 una
1648 1475 1719 1526 ad
1759 1475 2092 1538 Abramum,
2134 1485 2195 1528 ut
2235 1494 2265 1528 e

396 1562 546 1604 terra
573 1554 755 1620 patria
783 1570 881 1603 sua
909 1552 1038 1603 illuc
1069 1553 1267 1613 abiret,
1293 1561 1351 1604 et
1380 1570 1545 1620 porro
1573 1555 1867 1620 promissio
1894 1555 2043 1622 quod
2071 1572 2265 1607 semen

399 1632 514 1698 ejus
554 1623 1038 1682 haereditaturum
1079 1632 1150 1682 sit
1190 1631 1346 1682 illam
1380 1640 1590 1682 terram
1635 1631 1790 1698 (Gen.
1825 1634 1918 1684 xii.
1955 1633 2110 1701 1—7);
2164 1652 2265 1685 vo-

397 1712 547 1763 catio
576 1711 747 1761 etiam
775 1708 922 1760 facta
950 1718 1037 1761 est
1067 1727 1165 1776 per
1193 1710 1394 1761 Mosen
1421 1709 1624 1777 (Exod.
1647 1713 1716 1762 iii.
1746 1711 1822 1774 16,
1854 1711 1938 1780 17)
1962 1730 1974 1777 ;
2014 1721 2072 1764 et
2100 1730 2266 1780 porro

397 1807 495 1856 per
524 1790 754 1856 Josuam
793 1787 943 1854 (JOS.
973 1790 1004 1839 i.
1037 1803 1084 1853 3,
1111 1806 1244 1855 seq.‚
1277 1797 1335 1840 et
1374 1790 1479 1857 ΙΙ).

501 1881 623 1935 5ο.
673 1867 886 1917 Foedus
918 1867 1084 1918 etiam
1103 1869 1332 1933 padum
1363 1877 1447 1918 est
1484 1868 1772 1935 aliquoties
1790 1887 1816 1929 ,⁰
1869 1870 2106 1936 primum
2139 1887 2266 1922 cum

398 1946 655 1996 Abramo
706 1945 800 2013 (de
843 1964 953 2013 quo
997 1946 1125 1996 Gen.
1160 1947 1291 1996 xvii.
1333 1946 1523 2014 1—14);
1583 1946 1836 2015 [deinde]
1885 1965 2011 1999 cum
2052 1949 2267 2016 Populo

400 2024 603 2092 (Exod.
626 2026 783 2076 xxiv.
806 2037 854 2091 7,
880 2027 910 2076 8
933 2043 943 2089 ;
986 2033 1043 2076 et
1072 2043 1254 2092 porrO,
1276 2025 1401 2086 JOS.
1426 2027 1582 2076 xxiv.
1607 2040 1690 2090 24,
1716 2027 1826 2093 25).
1891 2027 1984 2078 Ex
2011 2027 2097 2078 his
2118 2045 2264 2080 nunc

397 2112 574 2171 patet,
606 2104 755 2171 quod
796 2105 1004 2171 primus
1038 2112 1222 2155 status
1254 2104 1413 2171 hujus
1446 2105 1740 2156 Ecclesiae
1772 2105 1933 2157 fuerit
1966 2105 2267 2174 Apparitio

398 2184 626 2234 Domini
675 2183 934 2249 Jehovih‚
989 2200 1053 2234 ac
1107 2183 1356 2235 Vocatio
1408 2192 1464 2235 et
1519 2183 1972 2246 ConfoederatiO,
2021 2193 2079 2237 et
2130 2193 2264 2238 tunc

397 2262 511 2328 ejus
546 2261 718 2313 Ortus
752 2280 849 2313 seu
883 2262 1069 2313 Mane.

505 2340 672 2407 Quod
706 2358 804 2407 per
835 2345 866 2366 “
887 2341 1193 2391 Dominum
1224 2340 1505 2407 Jehovih‘'
1533 2342 1710 2392 ubivis
1743 2343 1797 2392 in
1831 2342 2025 2393 Verbo
2056 2343 2266 2394 intelli-

397 2428 565 2487 gatur
595 2419 852 2486 Jehovah
886 2421 941 2470 in
977 2419 1244 2471 Humano
1277 2438 1394 2481 su0,
1425 2421 1515 2488 qui
1549 2428 1635 2472 est
1670 2421 1945 2472 Dominus
1979 2421 2266 2489 Redemp-

398 2508 489 2551 tor
521 2507 579 2550 et
613 2498 876 2550 Salvator
905 2506 1115 2560 noster,
1150 2499 1206 2549 in
1239 2500 1603 2566 sequentibus
1635 2500 1931 2554 videbitur.

498 2653 608 2708 51.
658 2639 748 2703 (ii.)
793 2639 932 2695 Quod
968 2639 1228 2689 secundus
1268 2643 1438 2689 status
1486 2639 1632 2706 hujus
1674 2639 1941 2690 Ecclesiae
1985 2639 2146 2691 fuerit
2188 2640 2268 2690 Ιη-

397 2715 635 2772 stt‘uctio,
661 2719 717 2764 et
738 2714 932 2764 demum
957 2713 1269 2764 Intromisst'o
1292 2713 1342 2763 in
1374 2713 1582 2764 ret-mm
1608 2713 1913 2773 Canaanem,
1935 2719 1990 2764 et
2012 2719 2132 2765 {uno
2157 2715 2269 2783 ejus

400 2790 701 2858 Progressa>
726 2791 775 2840 in
800 2791 965 2840 lucem
992 2796 1047 2841 et
1069 2791 1454 2858 Bt'es.—Supra
1486 2792 1793 2841 indicatum
1834 2799 1919 2842 est
1960 2792 2108 2858 quod
2148 2800 2266 2844 tam

399 2871 658 2922 Ecclesia
686 2870 942 2936 Antiqua
965 2888 1061 2921 seu
1085 2871 1373 2921 Noachica
1394 2887 1561 2937 quam
1589 2871 1727 2921 haec
1753 2869 2061 2921 Israelitica
2082 2872 2266 2938 quoad

399 2966 626 3000 omnem
661 2949 873 3000 cultum
908 2966 1067 2999 suum
1108 2950 1270 3001 fuerit
1309 2950 1807 3016 repraesentativa.
1886 2948 2069 3000 Causa
2108 2950 2266 3016 hujus

399 3029 788 3096 providentiae
830 3029 1068 3079 Divinae
1108 3029 1226 3090 fuit,
1261 3028 1411 3095 quod
1448 3027 1706 3094 Jehovah
1747 3027 1994 3078 nondum
2026 3028 2266 3080 induerit

402 3107 727 3158 Humanum
782 3108 1071 3168 Naturale,
1126 3108 1276 3175 quod
1332 3125 1429 3174 per
1486 3107 1939 3157 Incarnationem
1997 3107 2050 3157 in
2106 3115 2266 3158 utero

400 3187 630 3247 Mariae,
665 3188 745 3238 ita
784 3187 1092 3237 secundum
1133 3187 1386 3237 ordinem
1426 3203 1458 3236 a
1498 3186 1784 3236 creatione
1824 3184 2263 3245 constabilitum,

400 3267 678 3332 suscepit3
738 3274 795 3316 et
837 3282 949 3315 non
990 3266 1137 3332 prius
1177 3266 1360 3332 potuit
1401 3264 1663 3330 conjungi
1703 3264 1912 3314 homini
1951 3263 2135 3330 quoad
2181 3263 2264 3313 in-

399 3345 604 3394 teriora
632 3345 855 3409 spiritus
884 3343 1016 3410 ejuS,
1047 3353 1104 3395 et
1137 3345 1213 3395 sic
1248 3345 1321 3394 ibi
1353 3343 1424 3394 ad
1458 3344 1879 3409 perceptionem
1909 3341 2265 3392 manifestare

402 3423 606 3472 Divina
647 3421 773 3482 Sua,
809 3441 950 3489 quae
991 3431 1120 3474 sunt
1161 3423 1430 3474 caelestia
1469 3431 1526 3473 et
1567 3421 1891 3488 spiritualia,
1933 3428 1991 3471 et
2030 3421 2107 3471 sic
2147 3419 2265 3471 alta

401 3518 566 3567 supra
618 3518 853 3552 acumen
906 3518 1170 3552 sensuum
1222 3503 1486 3568 corporis
1566 3501 1691 3551 Hoc
1750 3508 1868 3550 tum
1922 3498 2264 3565 impossibile

400 3580 499 3630 suit
533 3581 675 3631 sicut
709 3588 795 3631 est
825 3581 957 3631 dare
986 3581 1073 3631 avi
1101 3581 1353 3631 volatum
1387 3581 1441 3630 in
1475 3580 1720 3638 aethere,
1751 3595 1814 3629 ac
1849 3579 1984 3644 pisci
2011 3592 2263 3644 gressum

402 3659 456 3708 in
497 3676 639 3709 aere.
718 3659 863 3709 Nam
910 3660 954 3709 si
1003 3659 1258 3724 Jehovah
1298 3659 1445 3725 apud
1491 3659 1777 3708 hominem
1819 3657 1920 3707 nisi
1960 3671 2126 3723 quam
2165 3671 2264 3721 per

406 3737 728 3787 Humanum
787 3755 942 3788 suum
1002 3739 1254 3797 intraret,
1314 3738 1453 3787 foret
1512 3738 1654 3787 sicut
1713 3737 1995 3787 termitem
2051 3733 2262 3785 arboris
