2496 4250
374 420 449 469 lvi
714 431 1048 470 SAPIENTIA
1089 430 1414 472 ANGELICA
1455 433 1538 472 DE
1577 432 1900 486 CONJUGIO.

512 571 634 622 Quod
654 571 856 610 masculus
872 577 1060 610 nascatur
1075 570 1116 609 in
1132 570 1366 610 facultatem
1382 570 1494 623 quod
1507 578 1616 611 amet
1630 572 1747 621 scire,
1764 572 1998 624 intelligere,
2015 579 2054 612 et
2073 586 2213 626 sapere
2222 588 2234 622 ;

591 647 638 673 ac
661 633 815 673 femina
836 635 879 673 in
909 647 1088 674 amorem
1110 634 1273 673 illorum
1297 635 1339 673 in
1363 635 1507 675 marito
1533 635 1720 690 (illustr.,
1741 649 1782 676 n.
1805 644 1856 687 53
1877 641 1949 684 [De
1963 644 2046 675 Am.
2071 643 2183 683 Conj„
2200 654 2233 676 n.

586 716 640 746 90,
655 696 747 753 91])-

506 795 609 835 Inde
630 808 702 847 per
721 795 953 847 conjugium
975 794 1075 835 fiunt
1095 807 1223 834 unum
1246 794 1305 851 (n.
1323 803 1377 846 54
1396 801 1467 844 [De
1482 803 1565 834 Am.
1585 802 1698 842 conj„
1715 813 1747 834 n.
1765 796 1856 849 91]).

505 893 606 932 Tres
622 905 767 931 causae
782 904 854 931 cur
867 892 922 932 ita
937 892 1058 932 creati
1072 898 1185 932 sunt:
1206 893 1369 945 prima,
1385 900 1428 932 ut
1447 892 1498 932 sit
1517 893 1753 945 propagatio
1769 893 1921 932 subolis
1936 899 1976 933 et
1990 893 2207 945 sapientiae
2220 908 2231 942 ;

583 957 774 1004 secunda,
796 955 906 1008 quod
925 956 975 996 sit
995 969 1045 996 ex
1065 969 1202 996 amore
1225 956 1394 995 Domini
1414 969 1511 1008 erga
1530 957 1763 996 universum
1784 970 1912 1008 genus
1933 957 2171 1005 humanum,
2190 963 2233 997 ut

584 1019 692 1059 beati
711 1019 828 1066 fiant3
860 1020 998 1067 tertia,
1019 1020 1115 1073 quia
1134 1020 1285 1073 alioqui
1306 1027 1486 1059 amarent
1506 1020 1743 1072 semetipsos
1767 1019 1826 1075 (n.
1846 1018 1934 1075 54).

505 1115 756 1155 Describitur
774 1116 902 1168 qualis
918 1116 1102 1156 voluntas
1124 1128 1171 1156 ac
1190 1115 1419 1157 intellectus
1436 1122 1495 1156 est
1510 1115 1619 1168 apud
1635 1115 1779 1164 virum,
1796 1122 1835 1156 et
1855 1115 1993 1169 quales
2013 1122 2106 1156 sunt
2124 1115 2231 1169 apud

584 1178 793 1228 feminam,
817 1186 909 1219 ante
931 1179 1165 1232 conjugium
1185 1185 1224 1220 et
1243 1186 1334 1232 post
1352 1179 1455 1219 illud
1479 1178 1538 1235 (n.
1557 1179 1644 1232 55).

365 1303 510 1401 5:1'51'118.
526 1303 816 1415 }—l(LJndeg)est
845 1305 956 1358 quod
986 1305 1091 1345 filius
1122 1305 1322 1358 significet
1349 1318 1489 1346 verum
1519 1305 1727 1353 eeclesiae,
1753 1310 1793 1344 et
1821 1303 1903 1343 filia
1927 1302 2123 1343 [11bonum
2147 1303 2233 1356 ejus

397 1374 412 1401 1
428 1373 483 1402 ια.
628 1373 668 1399 n.
687 1371 710 1399 2
766 1391 774 1401 .

365 1477 677 1531 Finis—Quod
707 1492 820 1518 amor
846 1480 896 1519 sit
925 1479 1028 1527 finis,
1054 1478 1106 1518 de
1129 1479 1243 1531 cujus
1272 1478 1555 1532 progressione
1583 1491 1656 1532 per
1678 1490 1818 1517 causas
1847 1477 1900 1517 ad
1929 1476 2095 1518 effeetus
2121 1477 2234 1533 (vide

585 1542 726 1596 Amor)
752 1542 811 1598 (n.
828 1542 907 1597 81).

503 1640 628 1693 Quod
646 1640 689 1680 in
708 1639 788 1680 fine
809 1640 888 1680 sint
907 1641 1044 1679 omnia
1058 1641 1282 1693 sequentia,
1297 1645 1337 1680 et
1354 1640 1397 1679 in
1412 1637 1559 1680 effecstu
1580 1640 1717 1679 omnia
1732 1638 2030 1688 antecedentia3
2062 1647 2101 1679 et
2120 1637 2232 1692 quod

582 1704 673 1743 finis
693 1704 743 1744 sit
763 1717 884 1743 omne
904 1704 946 1743 in
966 1704 1155 1743 omnibus
1175 1716 1279 1757 quae
1298 1710 1521 1763 sequuntur
1545 1702 1605 1758 (n.
1623 1702 1710 1759 82).

504 1800 628 1854 Quod
657 1800 760 1849 finis,
786 1812 919 1849 causa,
944 1807 984 1840 et
1006 1798 1174 1841 effectus
1197 1799 1278 1840 sint
1306 1799 1349 1839 in
1372 1798 1561 1839 omnibus
1591 1805 1630 1839 et
1657 1798 1827 1852 sing-ulis
1857 1811 1960 1852 quae
1985 1805 2118 1839 creata
2138 1804 2232 1838 sunt

588 1861 702 1922 (vide
723 1863 884 1920 Causa)
910 1864 969 1920 (n.
987 1863 1073 1919 83).

367 2136 603 2180 Gener-aisa.

367 2192 619 2236 Generum-on
621 2192 661 2234 1-8
682 2204 856 2246 omma.
874 2139 1098 2240 ἶ[ν-(Ξιιοᾶ
1117 2163 1308 2205 distineta
1326 2164 1404 2204 sint
1424 2177 1448 2204 a
1467 2164 1631 2218 reliquis
1650 2164 1693 2204 in
1707 2163 1874 2204 homine
1897 2161 1956 2219 (n.
1973 2161 2046 2220 65)

505 2288 629 2341 Quod
655 2289 878 2342 procreatio
906 2289 1058 2328 subolis
1085 2289 1153 2329 fiat
1175 2289 1219 2328 in
1241 2289 1356 2329 terris
1376 2288 1472 2342 quia
1492 2288 1550 2328 ibi
1579 2289 1622 2328 in
1645 2288 1782 2341 pleno,
1807 2294 1846 2328 et
1875 2287 2054 2341 operatio
2078 2286 2234 2327 Divina

587 2359 647 2393 est
666 2366 692 2392 a
709 2353 847 2405 primis
867 2366 940 2405 per
958 2353 1102 2392 ultima
1124 2352 1183 2408 (n.
1202 2360 1251 2404 75
1275 2358 1347 2401 [De
1361 2360 1444 2391 Am.
1463 2359 1576 2399 Conj„
1593 2370 1626 2390 n.
1647 2350 1735 2407 52]).

505 2450 631 2502 Quod
651 2450 703 2490 ab
721 2450 887 2490 homine
907 2456 1138 2503 procreetur
1156 2449 1319 2490 suboles
1342 2450 1385 2489 in
1405 2450 1518 2503 cujus
1537 2450 1680 2490 intimo
1700 2455 1759 2489 est
1779 2449 1915 2502 imago
1937 2448 2016 2489 Dei
2039 2446 2098 2505 (n.
2117 2447 2202 2503 75).

369 2734 696 2788 noma—Quod
718 2748 831 2774 amor
854 2741 893 2775 et
916 2734 1112 2788 sapientia
1134 2734 1214 2774 sint
1235 2733 1279 2773 in
1301 2732 1433 2772 forma
1450 2732 1596 2781 hom0‚
1618 2737 1657 2771 et
1679 2731 1791 2784 quod
1814 2730 1939 2770 homo
1962 2730 2012 2770 sit
2034 2729 2231 2782 recipiens

589 2800 688 2853 ejus,
709 2799 820 2853 quod
839 2805 1007 2839 vocatur
1025 2799 1161 2851 imago
1184 2799 1244 2854 (n.
1261 2796 1315 2851 5).

506 2897 629 2949 Quod
643 2903 735 2950 post
748 2903 918 2937 mortem
938 2896 1141 2936 masculus
1155 2896 1206 2936 sit
1221 2894 1436 2944 masculus,
1453 2901 1491 2934 et
1507 2893 1658 2934 femina
1671 2893 1722 2933 sit
1742 2891 1962 2941 femina,·et
1981 2891 2090 2945 quod
2110 2881 2231 2933 sexus

586 2974 670 3001 non
690 2961 834 3001 mutari
854 2961 1009 3013 possint
1031 2959 1090 3015 (n.
1107 2959 1133 2999 6
1151 2965 1225 3008 [De
1237 2966 1323 2998 Am.
1344 2965 1458 3005 Conj.,
1474 2975 1508 2998 n.
1527 2975 1579 3005 32,
1597 2957 1685 3012 33]).

506 3058 631 3111 Quod
652 3058 777 3098 homo
795 3057 906 3098 vivat
928 3057 1053 3096 homo
1080 3062 1172 3109 post
1189 3061 1375 3103 mortem,
1395 3029 1469 3095 sed
1497 3053 1712 3107 spiritualis
1741 3052 1867 3093 homo
1898 3051 2085 3107 (illustr.,
2105 3065 2146 3092 n.
2164 3062 2230 3101 22,

589 3133 640 3174 23
662 3127 734 3170 [De
748 3128 832 3159 Am.
852 3126 966 3166 Conj.,
982 3136 1016 3159 n.
1034 3117 1125 3175 28]).

507 3217 631 3271 Quod
658 3216 923 3257 miserabilior
945 3222 1069 3256 status
1099 3215 1201 3261 foret
1228 3213 1384 3253 homini
1413 3219 1505 3266 post
1526 3218 1698 3252 mortem
1727 3225 1849 3266 quam
1876 3211 2045 3260 bestiae,
2067 3212 2102 3252 si
2130 3210 2231 3252 foret

587 3294 778 3334 pneuma,
799 3281 972 3320 volitans
995 3279 1038 3319 in
1057 3279 1259 3324 universo,
1276 3283 1344 3317 aut
1364 3277 1550 3317 detentus
1567 3276 1610 3316 in
1620 3283 1685 3329 pu
1701 3289 1829 3329 usque
1849 3276 1903 3316 ad
1921 3275 2108 3316 ultimum
2124 3275 2230 3328 judi-

589 3345 721 3393 cium;
753 3345 826 3385 sed
846 3343 957 3396 quod
975 3343 1181 3396 provisum
1204 3342 1254 3382 sit
1277 3340 1387 3394 quod
1409 3346 1533 3381 status
1553 3339 1639 3392 ejus
1663 3339 1733 3392 qui
1754 3339 1860 3379 bene
1879 3339 1993 3389 vivit,
2013 3346 2104 3392 post
2124 3352 2228 3380 mor-

587 3415 670 3449 tem
690 3408 846 3448 felicior
865 3407 932 3447 fiat
954 3407 1012 3463 (n.
1031 3418 1084 3456 24
1107 3411 1179 3455 [De
1193 3413 1277 3444 Am.
1295 3411 1408 3451 conj„
1423 3421 1458 3442 n.
1475 3402 1564 3457 ²9])·

509 3506 634 3558 Quod
662 3505 787 3545 homo
807 3504 916 3544 vivat
943 3503 1069 3543 homo
1096 3508 1187 3555 post
1216 3508 1400 3549 mortem,
1421 3512 1472 3540 ex
1502 3499 1687 3552 autopsia
1717 3498 1903 3554 (illustra,
1924 3511 1964 3538 n.
1983 3505 2032 3550 25
2058 3502 2131 3546 [De
2143 3504 2229 3536 Am.

598 3575 712 3617 Conj.,
728 3586 761 3608 n.
780 3567 869 3624 28]).

510 3663 634 3718 Quod
651 3665 777 3705 homo
796 3661 945 3706 sentiat*
962 3663 1005 3703 id
1025 3663 1137 3717 quod
1156 3661 1287 3702 influit
1310 3674 1334 3700 a
1358 3660 1538 3700 Domino
1561 3666 1606 3701 ut
1627 3672 1760 3708 suum,
1781 3665 1820 3700 et
1848 3657 1959 3711 quod
1981 3669 2054 3710 per
2071 3655 2114 3696 id
2137 3667 2232 3696 con-

589 3727 748 3782 jund’tio
771 3727 831 3784 (n.
848 3740 903 3778 40
922 3733 993 3776 [De
1007 3734 1091 3766 Am.
1110 3732 1223 3773 conj„
1238 3741 1273 3764 n.
1293 3722 1401 3779 122]).
