2496 4250
508 446 605 498 124
1040 452 1123 491 DE
1163 451 1336 514 NOVA
1377 454 1835 497 HIEROSOLYMA

1345 810 1519 880 [XV1.]

1015 1021 1134 1080 DE
1195 1022 1545 1082 SANCTA
1605 1024 1860 1084 CENA.

502 1321 632 1355 210.

509 1373 970 1600 SANCTA
1011 1373 1165 1426 Cena
1197 1392 1228 1425 a
1262 1375 1509 1426 Domino
1541 1376 1810 1427 instituta
1843 1384 1947 1438 est,
1983 1384 2044 1428 ut
2085 1395 2182 1444 per
2211 1377 2363 1429 illam

739 1454 811 1504 sit
834 1452 1155 1518 conjunctio
1179 1455 1452 1505 ecclesiae
1476 1472 1600 1505 curn
1627 1455 1802 1516 caelo,
1828 1457 1908 1507 ita
1931 1473 2056 1507 cum
2087 1457 2363 1508 Domino:

738 1533 865 1582 ideo
899 1532 995 1582 illa
1032 1541 1119 1583 est
1155 1531 1568 1583 sanctissimum
1604 1535 1804 1585 cultus.

798 1623 944 1662 211.
995 1609 1107 1660 Sed
1141 1611 1430 1676 quomodo
1463 1628 1562 1676 per
1593 1612 1749 1661 illam
1784 1611 1844 1661 fit
1879 1611 2220 1676 conjun6ti0,
2251 1628 2365 1661 non

502 1687 731 1752 capiunt
757 1689 847 1754 qui
871 1704 983 1737 non
1009 1688 1193 1737 sciunt
1216 1687 1423 1753 aliquid
1448 1689 1516 1738 de
1539 1705 1706 1738 sensu
1729 1691 1951 1739 interno
1975 1707 2071 1739 seu
2095 1688 2366 1754 spirituali

501 1764 696 1825 Verbi,
729 1782 860 1815 nam
894 1765 974 1814 illi
1003 1782 1115 1815 non
1146 1765 1293 1815 ultra
1321 1783 1547 1815 sensum
1578 1774 1898 1827 externum,
1923 1768 2014 1833 qui
2047 1775 2135 1817 est
2169 1784 2367 1816 sensus

501 1843 746 1904 litterae,
786 1845 1063 1909 cogitant.
1142 1844 1235 1893 Ex
1277 1861 1443 1894 sensu
1484 1846 1708 1894 interno
1749 1863 1844 1895 seu
1878 1846 2151 1911 spirituali
2190 1845 2366 1896 Verbi

500 1923 674 1972 scitur
697 1924 826 1989 quid
851 1922 1132 1988 significat
1154 1927 1184 1947 “
1202 1939 1404 1988 corpus
1421 1922 1445 1942 ''
1463 1931 1519 1974 et
1543 1928 1573 1948 ‘⁴
1591 1923 1868 1988 sanguiS,''
1887 1933 1944 1974 et
1969 1924 2099 1990 quid
2121 1929 2151 1948 ‘⁴
2168 1925 2326 1991 panis
2343 1923 2367 1943 ”

501 2009 559 2051 et
596 2001 887 2062 “vinum‚’'
921 2010 1041 2051 tum
1075 2001 1206 2067 quid
1243 2001 1704 2052 “manducatio’'

599 2090 745 2129 212.
797 2079 861 2127 In
906 2078 1005 2127 illo
1051 2095 1220 2127 sensu
1269 2077 1565 2143 “corpus''
1604 2085 1699 2127 aut
1743 2077 1966 2127 “caro”
2005 2077 2236 2128 Domini
2280 2086 2367 2129 est

500 2156 709 2206 bonum
739 2156 961 2215 amoriS,
988 2155 1244 2204 similiter
1271 2156 1479 2220 “panis
1507 2154 1550 2217 ;'’
1583 2171 1647 2205 ac
1681 2154 1998 2220 “sanguis''
2023 2154 2251 2217 Domini
2279 2163 2366 2205 est

499 2235 710 2284 bonum
730 2233 874 2294 fidei,
893 2233 1149 2283 similiter
1169 2237 1199 2258 “
1218 2234 1405 2282 vinum
1430 2232 1471 2295 ;’'
1499 2249 1562 2283 ac
1587 2238 1617 2257 “
1635 2232 2038 2283 manducatio”
2056 2241 2143 2283 est
2162 2251 2366 2300 appro-

500 2314 703 2379 priatio
732 2321 790 2363 et
820 2310 1157 2377 conjunctio.
1227 2311 1458 2377 Angeli,
1490 2313 1581 2378 qui
1616 2320 1746 2362 sunt
1776 2312 1924 2377 apud
1959 2311 2246 2362 hominem
2276 2313 2367 2378 qui

500 2392 620 2441 obit
656 2390 1086 2441 Sacramentum
1118 2390 1325 2451 Cenae,
1357 2407 1469 2440 non
1503 2390 1668 2440 aliter
1702 2390 2031 2455 intelligunt
2064 2390 2176 2450 illa,
2208 2392 2366 2456 spiri-

500 2470 731 2520 tualiter
771 2471 919 2520 enim
961 2470 1274 2535 percipiunt
1323 2469 1546 2531 omnia3
1599 2469 1730 2518 inde
1778 2477 1864 2518 est
1913 2468 2060 2534 quod
2108 2466 2366 2519 sanetum

502 2549 708 2598 amoris
737 2556 794 2598 et
824 2547 1080 2598 sanctum
1104 2548 1231 2599 fidei
1264 2549 1458 2600 influat
1482 2557 1614 2600 tunc
1649 2550 1720 2599 ab
1751 2549 1970 2614 angelis
2001 2549 2149 2614 apud
2183 2548 2368 2599 homi-

501 2640 649 2683 nem,
685 2625 764 2673 ita
793 2641 890 2689 per
922 2624 1141 2673 caelum
1173 2642 1204 2674 a
1239 2624 1520 2686 Domino;
1564 2625 1692 2674 inde
1726 2622 2062 2688 conjunctio.

600 2710 752 2763 213.
802 2697 896 2747 Ex
936 2699 1021 2748 his
1061 2707 1224 2764 patet
1257 2702 1407 2765 quod
1441 2700 1614 2751 homo
1647 2718 1773 2752 cum
1813 2705 1985 2753 sumit
2018 2721 2244 2769 panem,
2274 2708 2367 2773 qui

501 2781 588 2824 est
613 2791 830 2840 corpus,
854 2775 1230 2841 conjungatur
1250 2777 1495 2827 Domino
1519 2795 1616 2843 per
1634 2779 1842 2828 bonum
1868 2782 2073 2830 amoris
2097 2782 2150 2830 in
2177 2782 2366 2849 Ipsum

500 2853 571 2902 ab
592 2853 723 2918 Ipso
746 2871 756 2915 ;
789 2862 846 2903 et
870 2870 995 2903 cum
1020 2856 1188 2904 sumit
1208 2857 1416 2915 vinum,
1438 2857 1587 2922 quod
1611 2865 1697 2907 est
1721 2859 1967 2923 sanguiS,
1990 2859 2367 2926 conjungatur

501 2931 748 2982 Domino
778 2950 874 2998 per
903 2934 1111 2983 bonum
1142 2933 1270 2984 fidei
1303 2936 1358 2984 in
1389 2935 1578 3000 Ipsum
1607 2936 1679 2985 ab
1708 2936 1854 3001 Ipso.
1934 2936 2044 2987 Sed
2073 2940 2364 2991 sciendum

499 3019 588 3060 est
618 3011 766 3076 quod
798 3010 1119 3076 conjunctio
1148 3029 1274 3062 cum
1310 3013 1556 3063 Domino
1589 3031 1687 3080 per
1716 3013 2144 3066 Sacramentum
2175 3017 2364 3070 Cenae

499 3087 597 3139 fiat
631 3089 812 3139 solum
847 3091 995 3156 apud
1029 3091 1156 3141 illos
1190 3093 1281 3158 qui
1315 3093 1367 3141 in
1401 3093 1552 3142 bono
1585 3095 1791 3142 amoris
1825 3104 1881 3144 et
1915 3094 2042 3145 fidei
2076 3097 2129 3145 in
2166 3096 2362 3147 Domi-

499 3184 631 3217 num
672 3185 704 3218 a
745 3169 992 3219 Domino
1033 3180 1194 3221 sunt:
1244 3171 1392 3236 apud
1434 3171 1537 3220 hos
1578 3189 1676 3237 per
1713 3171 1979 3222 Sanctam
2022 3173 2233 3224 Cenam
2273 3185 2362 3227 est

498 3245 852 3311 conjun&io;
894 3250 1041 3315 apud
1076 3258 1296 3299 ceteros
1325 3259 1411 3301 est
1445 3252 1764 3316 praesentia
1794 3259 1850 3301 et
1882 3268 1992 3302 non
2023 3252 2359 3319 conjunctio.

596 3335 749 3390 214.
799 3325 1102 3375 Praeterea
1130 3325 1340 3376 Sancta
1373 3326 1530 3377 Cena
1562 3327 1799 3378 includit
1834 3336 1890 3378 et
1925 3330 2359 3394 comprehendit

498 3415 726 3450 omnem
751 3401 965 3451 cultum
991 3402 1254 3452 Divinum
1285 3404 1607 3453 institutum
1637 3404 1690 3452 in
1721 3404 1981 3454 Ecclesia
2013 3405 2358 3470 Israelitica;

497 3478 835 3528 holocausta
868 3481 1015 3529 enim
1050 3489 1106 3531 et
1136 3480 1423 3541 sacrificia,
1460 3483 1513 3531 in
1550 3483 1746 3547 quibus
1781 3483 1964 3532 cultus
1998 3483 2144 3533 illius
2173 3485 2357 3535 eccle-

497 3557 610 3606 siae
652 3558 1033 3623 principaliter
1073 3560 1396 3619 constabat,
1433 3577 1542 3609 una
1581 3578 1720 3610 voce
1762 3559 1912 3611 dieta
1951 3561 2171 3613 fuerunt
2208 3569 2356 3630 “pa-

496 3635 579 3684 nis
602 3635 644 3684 :”
676 3636 806 3687 inde
840 3638 1011 3687 etiam
1047 3636 1254 3688 Sancta
1289 3637 1442 3689 Cena
1476 3647 1562 3690 est
1597 3639 1711 3705 ejus
1746 3640 2247 3707 complementum.
