2496 4250
460 424 800 466 ECCLESIAE
841 423 1332 475 ANTIQUISSIMAE
1373 423 1685 463 FINIS.-—N.
1717 425 1796 476 31.
1989 426 2050 477 4‘1

198 584 272 619 ex
310 582 500 617 amore
539 566 619 616 sui
663 574 720 616 et
760 564 949 615 mundi
988 572 1261 631 apparent
1301 565 1443 614 sicut
1482 563 1659 614 fusilia
1704 582 1776 615 ex
1824 582 1957 615 auro
2002 566 2055 615 in

197 645 382 696 medio
414 653 471 695 et
511 662 583 695 ex
617 652 856 710 argento
887 643 958 694 ad
991 642 1185 703 latera,
1219 643 1289 693 ad
1322 661 1463 709 quae
1495 641 1668 693 flec‘tit
1701 659 1884 708 genua
1916 643 2057 692 sicut

196 722 511 774 idololatra.
589 723 757 772 Porro
789 722 960 772 homo
993 722 1291 788 spiritualis
1330 723 1385 772 in
1418 739 1477 772 se
1509 730 1594 772 est
1627 719 1921 772 actualiter
1952 722 2056 771 sic-

200 810 259 853 ut
281 801 540 853 columba
562 801 744 868 quoad
771 801 1275 862 mansuetudinem,
1300 802 1441 851 sicut
1465 800 1647 866 aquila
1669 800 1851 866 quoad
1881 802 2058 850 visum

198 881 420 939 mentiS‚
455 881 596 930 sicut
629 879 744 928 avis
777 879 1119 944 paradisiaca
1150 879 1347 930 volans
1380 879 1564 946 quoad
1605 880 2058 944 progressionem

196 958 252 1008 in
290 958 680 1024 spiritualibuS,
715 965 772 1008 et
811 958 954 1008 sicut
994 975 1139 1024 pavo
1171 958 1355 1025 quoad
1395 958 1592 1008 horum
1626 959 2056 1008 exornationem

197 1053 230 1087 a
260 1036 664 1103 spiritualibus:
707 1037 945 1086 vicissim
979 1044 1168 1087 autem
1201 1036 1371 1086 homo
1404 1036 1672 1086 naturalis
1705 1045 1994 1102 separatus
2027 1054 2058 1087 a

197 1115 466 1181 spirituali
511 1123 597 1166 est
643 1116 784 1166 sicut
826 1115 1094 1181 accipiter
1140 1132 1480 1181 persequens
1527 1114 1864 1176 columbam,
1913 1117 2055 1167 sicut

198 1192 368 1244 draco
418 1193 692 1244 devorans
744 1192 935 1244 oculos
988 1193 1221 1259 aquilae,
1276 1194 1418 1244 sicut
1471 1202 1687 1259 prester
1739 1194 1935 1244 volans
1987 1195 2057 1245 ad

197 1270 344 1323 latus
371 1272 487 1322 avis
514 1271 906 1338 paradisiacae,
937 1279 995 1322 et
1028 1272 1169 1322 sicut
1197 1272 1348 1322 bubo
1368 1271 1533 1337 juxta
1561 1289 1854 1338 pavonem.
1934 1272 2058 1323 Hae

198 1350 647 1417 comparationes
692 1349 899 1400 allatae
945 1358 1093 1411 sunt,
1136 1359 1195 1401 ut
1241 1352 1352 1401 sint
1398 1352 1541 1402 sicut
1588 1350 1921 1417 perspicilla,
1962 1369 2060 1417 per

200 1447 342 1497 quae
381 1428 576 1495 legens
614 1426 882 1495 propiusffl
916 1429 1288 1495 contemplari
1329 1438 1518 1496 potest
1558 1429 1735 1497 qualis
1775 1439 1862 1480 est
1902 1431 2058 1496 spiri-

196 1507 362 1560 tualis
394 1507 564 1558 homo
596 1508 650 1556 in
683 1524 759 1567 se,
795 1515 852 1558 et
884 1507 1152 1558 naturalis
1186 1507 1358 1558 homo
1390 1509 1444 1558 in
1484 1525 1559 1558 se.
1637 1508 1864 1558 Prorsus
1898 1508 2061 1558 aliter

196 1603 330 1637 vero
368 1585 475 1636 hoc
515 1594 620 1646 est,
654 1586 878 1652 quando
917 1586 1216 1653 spiritualis
1257 1587 1427 1637 homo
1467 1604 1565 1653 per
1603 1603 1760 1636 suam
1801 1587 2057 1652 spiritua-

197 1664 308 1715 lem
347 1663 527 1715 lucem
573 1672 630 1715 et
677 1664 1022 1730 spiritualem
1063 1665 1309 1715 calorem
1355 1667 1505 1715 intus
1549 1674 1635 1715 est
1682 1666 1737 1714 in
1785 1665 2058 1727 naturali;

197 1751 330 1803 tunc
371 1751 603 1810 uterque
646 1759 814 1794 unum
857 1743 1084 1804 faciunt,
1126 1740 1493 1795 consimiliter
1534 1746 1676 1795 sicut
1719 1752 1956 1795 conatus
2001 1746 2057 1795 in

197 1830 371 1883 motu,
411 1838 476 1872 ac
515 1821 778 1872 voluntas
822 1821 937 1889 (qui
977 1832 1063 1873 est
1110 1831 1346 1873 conatus
1386 1823 1567 1889 vivus)
1616 1824 1671 1872 in
1717 1820 1955 1884 actione,
1998 1832 2056 1874 et

198 1900 341 1951 sicut
373 1901 657 1966 appetitus
697 1901 751 1949 in
791 1909 976 1965 gustu,
1011 1918 1075 1951 ac
1108 1902 1256 1951 visus
1295 1902 1499 1951 mentis
1538 1902 1592 1951 in
1625 1902 1743 1951 visu
1776 1900 1956 1964 oculi;
1996 1918 2060 1953 ac

198 1979 529 2038 evidentiuS‚
565 1979 707 2028 sicut
748 1980 1036 2046 perceptio
1068 1980 1145 2030 rei
1184 1980 1237 2030 in
1272 1980 1614 2046 cognitione,
1650 1977 1751 2030 etffl
1785 1981 2059 2046 cogitatio

199 2056 314 2123 ejus
345 2058 401 2108 in
434 2056 672 2124 loquela.

297 2223 409 2278 31.
459 2210 559 2275 (iv.)
604 2211 828 2268 Quartus
851 2216 1021 2262 status
1045 2211 1192 2278 hujus
1217 2212 1502 2271 Ecclesiae,
1531 2212 1620 2280 qui
1649 2217 1770 2262 erat
1794 2213 1904 2279 ejus
1929 2213 2064 2264 finis

199 2305 294 2340 sou
329 2288 438 2338 11οκ
470 2295 526 2340 et
560 2294 772 2341 vocatur·
805 2289 1191 2349 consummatio,
1225 2290 1554 2341 describitur
1586 2308 1683 2357 per
1718 2290 1857 2341 haec
1891 2293 2062 2342 etiam

203 2367 305 2435 [in]
342 2370 512 2420 tertio
544 2370 728 2436 capite
764 2368 1111 2436 [Geneseos]:

285 2482 314 2500 “
330 2481 552 2521 Clamavit
571 2482 772 2534 Jehovah
795 2482 915 2537 Deus
936 2483 992 2521 ad
1012 2482 1253 2529 hominem,
1274 2483 1468 2533 dixitque
1489 2483 1564 2528 illi,
1588 2482 1674 2521 Ubi
1697 2484 1771 2523 tu?
1827 2482 1913 2534 Qui
1934 2483 2058 2527 dixit,

416 2536 583 2576 Vocem
613 2544 734 2576 tuam
765 2537 913 2576 audivi
949 2537 992 2575 in
1023 2537 1167 2583 horto,
1194 2538 1293 2575 ideo
1324 2538 1449 2575 timui
1482 2537 1601 2576 mihi.
1666 2568 1674 2576 .
1698 2568 1706 2576 .
1727 2568 1735 2576 .
1759 2568 1767 2577 .
1808 2537 1922 2575 Tum
1953 2537 2063 2575 dixit

415 2589 617 2643 Jehovah
623 2622 757 2638 .....
777 2591 895 2630 Num
917 2592 972 2630 de
1002 2593 1174 2638 arbore,
1199 2592 1253 2630 de
1276 2604 1362 2642 qua
1391 2592 1594 2642 praecepi
1625 2592 1703 2630 tibi
1732 2599 1782 2630 ut
1802 2592 1857 2630 de
1887 2604 1941 2630 ea
1970 2603 2062 2629 non

418 2646 687 2692 comederes,
718 2646 980 2686 comedisti?
1037 2646 1091 2684 Et
1121 2646 1230 2684 dixit
1252 2647 1402 2692 homo,
1434 2645 1595 2685 Mulier
1625 2659 1755 2697 quam
1784 2646 1944 2684 dedisti
1972 2658 2063 2685 me-

417 2711 530 2747 cum,
548 2700 656 2739 haec
672 2700 791 2739 dedit
808 2700 913 2739 mihi
935 2701 991 2739 de
1012 2702 1184 2746 arbore,
1206 2708 1249 2739 et
1266 2701 1452 2740 comedi.
1517 2700 1571 2739 Et
1592 2701 1703 2740 dixit
1722 2700 1924 2752 Jehovah
1941 2700 2062 2739 Deus

410 2754 606 2801 mulieri,
632 2754 778 2805 Quare
799 2755 882 2794 hoc
912 2755 1088 2794 fecisti?
1146 2755 1200 2793 Et
1230 2755 1339 2793 dixit
1360 2755 1531 2802 mulier,
1558 2755 1749 2804 Serpens
1770 2755 1942 2805 decepit
1973 2766 2058 2800 me,

419 2815 462 2847 et
495 2808 713 2848 comedi.”
771 2809 896 2848 Tunc
930 2809 1132 2861 Jehovah
1170 2809 1290 2848 Deus
1321 2810 1549 2848 maledixit
1580 2810 1789 2859 serpenti,
1829 2817 1872 2848 et
1907 2816 2064 2858 postea

419 2863 606 2910 mulieri,
631 2871 675 2902 et
704 2871 805 2914 post
834 2864 947 2902 hanc
968 2865 1078 2903 viro.
1141 2864 1310 2915 Quibus
1331 2862 1474 2910 diestis,
1505 2866 1532 2881 “
1549 2863 1750 2916 Jehovah
1774 2863 1895 2902 Deus
1916 2863 2063 2902 emisit

418 2917 643 3022 homin(em
675 2930 730 2956 ex
758 2918 888 3022 ho3to
919 2918 1098 2964 Edenis,
1131 2919 1187 2957 ad
1216 2918 1450 2957 colendum
1482 2925 1657 2964 terram,
1692 2931 1716 2956 e
1746 2930 1831 2968 qua
1861 2924 2061 2967 sumptus

420 2971 548 3010 erat’'
586 2984 700 3012 vers,
725 2982 822 3022 9-23
845 3003 854 3012 .

203 3072 295 3123 Ex
336 3090 501 3124 sensu
534 3073 759 3125 literato
791 3093 888 3126 seu
926 3075 1196 3126 historico
1229 3076 1618 3141 descriptionis
1651 3077 1801 3126 vitae
1833 3074 2059 3134 Adami,

203 3159 361 3217 patet
401 3153 548 3218 quod
589 3153 919 3205 maledictus
960 3156 1030 3205 sit
1071 3155 1198 3221 quia
1231 3156 1466 3205 credidit
1507 3155 1753 3221 serpenti
1793 3154 1940 3220 quod
1979 3153 2059 3203 fu-

203 3236 356 3280 turus
392 3238 541 3281 esset
574 3233 716 3282 sicut
758 3232 927 3300 Deus,
962 3241 1018 3283 et
1052 3234 1142 3299 qui
1181 3232 1288 3282 hoc
1323 3234 1499 3283 credit
1539 3234 1768 3283 tandem
1810 3249 1920 3282 non
1960 3248 2060 3297 ag-

203 3307 384 3357 noscit
413 3307 612 3359 Deum.
688 3309 764 3361 Et
793 3312 918 3377 quia
937 3310 1203 3361 naturalis
1225 3310 1396 3361 homo
1418 3319 1766 3377 separatusa
1794 3309 2062 3376 spirituali

202 3383 256 3432 in
288 3384 388 3435 tali
418 3385 526 3437 fide
559 3395 645 3438 est
674 3390 858 3448 corde,
889 3398 1190 3455 utcumque
1219 3388 1379 3439 aliter
1407 3390 1579 3454 garrit
1609 3406 1720 3447 ore,
1750 3389 1876 3438 ideo
1904 3395 2060 3453 post-

202 3477 366 3527 quam
400 3481 432 3513 a
463 3466 732 3529 spirituali
766 3467 1034 3517 naturalis
1067 3465 1241 3517 factus
1275 3475 1378 3526 est,
1409 3464 1541 3517 hiem
1575 3464 1904 3516 maledictus
1937 3473 2056 3528 est;

202 3555 265 3589 ac
306 3541 634 3593 maledictus
673 3554 759 3595 est
802 3546 987 3610 quoad
1030 3545 1143 3610 ejus
1192 3545 1466 3603 sensuale,
1509 3545 1623 3610 ejus
1662 3544 2057 3603 voluntarium,

203 3626 262 3668 et
307 3618 428 3686 ejus
460 3621 875 3683 intellectuale3
931 3623 1043 3688 ejus
1087 3624 1345 3674 sensuale
1386 3625 1534 3674 enim
1577 3622 1922 3688 significatur
1962 3640 2059 3688 per

206 3699 621 3763 “serpentem,‘’
673 3700 786 3766 ejus
838 3701 1213 3752 voluntarium
1267 3719 1363 3767 per
1407 3701 1791 3763 “mulierem‚'’
1837 3709 1894 3751 et
1946 3700 2056 3766 ejus
