<?xml version="1.0" encoding="UTF-8"?>
<!DOCTYPE html PUBLIC "-//W3C//DTD XHTML 1.0 Transitional//EN"
    "http://www.w3.org/TR/xhtml1/DTD/xhtml1-transitional.dtd">
<html xmlns="http://www.w3.org/1999/xhtml" xml:lang="en" lang="en">
 <head>
  <title>
</title>
<meta http-equiv="Content-Type" content="text/html;charset=utf-8" />
  <meta name='ocr-system' content='tesseract 3.04.00' />
  <meta name='ocr-capabilities' content='ocr_page ocr_carea ocr_par ocr_line ocrx_word'/>
</head>
<body>
  <div class='ocr_page' id='page_1' title='image "1885denovahieros00sweduoft_0070.png"; bbox 0 0 2496 4250; ppageno 0'>
   <div class='ocr_carea' id='block_1_1' title="bbox 450 402 1775 466">
    <p class='ocr_par' dir='ltr' id='par_1_1' title="bbox 450 402 1775 466">
     <span class='ocr_line' id='line_1_1' title="bbox 450 402 1775 466; baseline -0.005 -13"><span class='ocrx_word' id='word_1_1' title='bbox 450 402 520 466; x_wconf 91' lang='lat'>64</span> <span class='ocrx_word' id='word_1_2' title='bbox 775 449 777 451; x_wconf 82' lang='grc'><strong>,</strong></span> <span class='ocrx_word' id='word_1_3' title='bbox 980 411 1063 452; x_wconf 84' lang='lat' dir='ltr'>DE</span> <span class='ocrx_word' id='word_1_4' title='bbox 1103 409 1276 451; x_wconf 88' lang='lat' dir='ltr'>NOVA</span> <span class='ocrx_word' id='word_1_5' title='bbox 1317 407 1775 449; x_wconf 80' lang='lat' dir='ltr'>HIEROSOLYMA</span> 
     </span>
    </p>
   </div>
   <div class='ocr_carea' id='block_1_2' title="bbox 665 546 2318 656">
    <p class='ocr_par' dir='ltr' id='par_1_2' title="bbox 665 546 2318 656">
     <span class='ocr_line' id='line_1_2' title="bbox 665 546 2304 600; baseline -0.001 -10"><span class='ocrx_word' id='word_1_6' title='bbox 665 551 942 590; x_wconf 82' lang='lat' dir='ltr'>visitaverint</span> <span class='ocrx_word' id='word_1_7' title='bbox 964 550 1129 600; x_wconf 89' lang='lat' dir='ltr'>Ipsum,</span> <span class='ocrx_word' id='word_1_8' title='bbox 1147 557 1190 588; x_wconf 89' lang='lat' dir='ltr'>et</span> <span class='ocrx_word' id='word_1_9' title='bbox 1211 550 1255 588; x_wconf 90' lang='lat' dir='ltr'>in</span> <span class='ocrx_word' id='word_1_10' title='bbox 1279 561 1451 588; x_wconf 87' lang='lat' dir='ltr'>carcere</span> <span class='ocrx_word' id='word_1_11' title='bbox 1472 548 1678 587; x_wconf 91' lang='lat' dir='ltr'>venerint</span> <span class='ocrx_word' id='word_1_12' title='bbox 1701 549 1756 587; x_wconf 88' lang='lat' dir='ltr'>ad</span> <span class='ocrx_word' id='word_1_13' title='bbox 1780 546 1931 598; x_wconf 87' lang='lat' dir='ltr'>Ipsum</span> <span class='ocrx_word' id='word_1_14' title='bbox 1949 561 1957 587; x_wconf 74' lang='grc' dir='ltr'><strong><em>ε</em></strong></span> <span class='ocrx_word' id='word_1_15' title='bbox 1990 554 2033 586; x_wconf 91' lang='lat' dir='ltr'>et</span> <span class='ocrx_word' id='word_1_16' title='bbox 2053 547 2168 595; x_wconf 89' lang='lat' dir='ltr'>dein,</span> <span class='ocrx_word' id='word_1_17' title='bbox 2186 546 2304 599; x_wconf 84' lang='lat' dir='ltr'>quod</span> 
     </span>
     <span class='ocr_line' id='line_1_3' title="bbox 666 601 2318 656; baseline -0.001 -12"><span class='ocrx_word' id='word_1_18' title='bbox 666 614 877 656; x_wconf 89' lang='lat' dir='ltr'>quantum</span> <span class='ocrx_word' id='word_1_19' title='bbox 899 605 1083 644; x_wconf 79' lang='lat' dir='ltr'>fecerint</span> <span class='ocrx_word' id='word_1_20' title='bbox 1107 604 1183 643; x_wconf 91' lang='lat' dir='ltr'>uni</span> <span class='ocrx_word' id='word_1_21' title='bbox 1207 616 1262 643; x_wconf 83' lang='lat' dir='ltr'>ex</span> <span class='ocrx_word' id='word_1_22' title='bbox 1282 604 1492 642; x_wconf 78' lang='lat' dir='ltr'>fratribus</span> <span class='ocrx_word' id='word_1_23' title='bbox 1514 603 1605 642; x_wconf 88' lang='lat' dir='ltr'>suis</span> <span class='ocrx_word' id='word_1_24' title='bbox 1632 603 1840 650; x_wconf 86' lang='lat' dir='ltr'>minimis,</span> <span class='ocrx_word' id='word_1_25' title='bbox 1866 601 1956 652; x_wconf 87' lang='lat' dir='ltr'>Ipsi</span> <span class='ocrx_word' id='word_1_26' title='bbox 1977 601 2162 642; x_wconf 78' lang='lat' dir='ltr'>fecerint</span> <span class='ocrx_word' id='word_1_27' title='bbox 2185 602 2318 652; x_wconf 58' lang='lat' dir='ltr'>(xxvc</span> 
     </span>
    </p>
   </div>
   <div class='ocr_carea' id='block_1_3' title="bbox 667 660 831 709">
    <p class='ocr_par' dir='ltr' id='par_1_3' title="bbox 667 660 831 709">
     <span class='ocr_line' id='line_1_4' title="bbox 667 660 831 709; baseline 0.006 -1"><span class='ocrx_word' id='word_1_28' title='bbox 667 660 831 709; x_wconf 54' lang='lat'><strong>34-402</strong></span> 
     </span>
    </p>
   </div>
   <div class='ocr_carea' id='block_1_4' title="bbox 444 776 2310 3748">
    <p class='ocr_par' dir='ltr' id='par_1_4' title="bbox 448 776 2305 1080">
     <span class='ocr_line' id='line_1_5' title="bbox 452 776 2303 846; baseline -0.002 -15"><span class='ocrx_word' id='word_1_29' title='bbox 452 782 516 832; x_wconf 92' lang='lat' dir='ltr'>In</span> <span class='ocrx_word' id='word_1_30' title='bbox 551 781 658 831; x_wconf 91' lang='lat' dir='ltr'>illis</span> <span class='ocrx_word' id='word_1_31' title='bbox 692 798 794 831; x_wconf 80' lang='lat' dir='ltr'>sex</span> <span class='ocrx_word' id='word_1_32' title='bbox 822 781 985 831; x_wconf 87' lang='lat' dir='ltr'>bonis</span> <span class='ocrx_word' id='word_1_33' title='bbox 1014 781 1068 830; x_wconf 91' lang='lat' dir='ltr'>in</span> <span class='ocrx_word' id='word_1_34' title='bbox 1097 778 1371 846; x_wconf 78' lang='lat' dir='ltr'>spirituali</span> <span class='ocrx_word' id='word_1_35' title='bbox 1400 795 1567 829; x_wconf 91' lang='lat' dir='ltr'>sensu</span> <span class='ocrx_word' id='word_1_36' title='bbox 1595 776 1901 829; x_wconf 64' lang='lat' dir='ltr'>intellectis</span> <span class='ocrx_word' id='word_1_37' title='bbox 1930 777 2303 845; x_wconf 88' lang='lat' dir='ltr'>comprehen-</span> 
     </span>
     <span class='ocr_line' id='line_1_6' title="bbox 450 856 2304 924; baseline -0.002 -15"><span class='ocrx_word' id='word_1_38' title='bbox 450 860 658 910; x_wconf 89' lang='lat' dir='ltr'>duntur</span> <span class='ocrx_word' id='word_1_39' title='bbox 676 860 862 908; x_wconf 91' lang='lat' dir='ltr'>omnia</span> <span class='ocrx_word' id='word_1_40' title='bbox 884 875 1095 924; x_wconf 90' lang='lat' dir='ltr'>genera</span> <span class='ocrx_word' id='word_1_41' title='bbox 1117 857 1378 923; x_wconf 83' lang='lat' dir='ltr'>proximi.</span> <span class='ocrx_word' id='word_1_42' title='bbox 1449 856 1588 907; x_wconf 87' lang='lat' dir='ltr'>Inde</span> <span class='ocrx_word' id='word_1_43' title='bbox 1612 857 1784 907; x_wconf 86' lang='lat' dir='ltr'>etiam</span> <span class='ocrx_word' id='word_1_44' title='bbox 1811 865 1971 923; x_wconf 89' lang='lat' dir='ltr'>patet</span> <span class='ocrx_word' id='word_1_45' title='bbox 1993 857 2160 924; x_wconf 90' lang='lat' dir='ltr'>quod,</span> <span class='ocrx_word' id='word_1_46' title='bbox 2177 871 2304 907; x_wconf 91' lang='lat' dir='ltr'>cum</span> 
     </span>
     <span class='ocr_line' id='line_1_7' title="bbox 449 933 2305 1001; baseline 0 -15"><span class='ocrx_word' id='word_1_47' title='bbox 449 944 669 986; x_wconf 90' lang='lat' dir='ltr'>amatur</span> <span class='ocrx_word' id='word_1_48' title='bbox 696 937 923 996; x_wconf 87' lang='lat' dir='ltr'>bonum,</span> <span class='ocrx_word' id='word_1_49' title='bbox 954 944 1173 986; x_wconf 90' lang='lat' dir='ltr'>ametur</span> <span class='ocrx_word' id='word_1_50' title='bbox 1202 935 1494 994; x_wconf 81' lang='lat' dir='ltr'>DominuS,</span> <span class='ocrx_word' id='word_1_51' title='bbox 1521 933 1796 984; x_wconf 82' lang='lat' dir='ltr'>Dominus</span> <span class='ocrx_word' id='word_1_52' title='bbox 1829 935 1978 986; x_wconf 90' lang='lat' dir='ltr'>enim</span> <span class='ocrx_word' id='word_1_53' title='bbox 2010 941 2098 986; x_wconf 88' lang='lat' dir='ltr'>est</span> <span class='ocrx_word' id='word_1_54' title='bbox 2129 951 2163 986; x_wconf 88' lang='lat' dir='ltr'>a</span> <span class='ocrx_word' id='word_1_55' title='bbox 2189 950 2305 1001; x_wconf 65' lang='lat' dir='ltr'>‘quo</span> 
     </span>
     <span class='ocr_line' id='line_1_8' title="bbox 448 1011 1782 1080; baseline -0.002 -15"><span class='ocrx_word' id='word_1_56' title='bbox 448 1015 674 1075; x_wconf 87' lang='lat' dir='ltr'>bonum,</span> <span class='ocrx_word' id='word_1_57' title='bbox 706 1015 797 1080; x_wconf 88' lang='lat' dir='ltr'>qui</span> <span class='ocrx_word' id='word_1_58' title='bbox 830 1015 883 1064; x_wconf 89' lang='lat' dir='ltr'>in</span> <span class='ocrx_word' id='word_1_59' title='bbox 917 1014 1085 1074; x_wconf 89' lang='lat' dir='ltr'>bon0,</span> <span class='ocrx_word' id='word_1_60' title='bbox 1117 1021 1174 1064; x_wconf 92' lang='lat' dir='ltr'>et</span> <span class='ocrx_word' id='word_1_61' title='bbox 1209 1014 1299 1079; x_wconf 89' lang='lat' dir='ltr'>qui</span> <span class='ocrx_word' id='word_1_62' title='bbox 1331 1013 1512 1078; x_wconf 90' lang='lat' dir='ltr'>ipsum</span> <span class='ocrx_word' id='word_1_63' title='bbox 1546 1011 1782 1062; x_wconf 88' lang='lat' dir='ltr'>Bonum.</span> 
     </span>
    </p>

    <p class='ocr_par' dir='ltr' id='par_1_5' title="bbox 445 1092 2310 1939">
     <span class='ocr_line' id='line_1_9' title="bbox 546 1092 2303 1159; baseline -0.001 -15"><span class='ocrx_word' id='word_1_64' title='bbox 546 1106 659 1158; x_wconf 84' lang='lat'>91.</span> <span class='ocrx_word' id='word_1_65' title='bbox 708 1093 923 1144; x_wconf 87' lang='lat' dir='ltr'>Verum</span> <span class='ocrx_word' id='word_1_66' title='bbox 952 1110 1066 1142; x_wconf 90' lang='lat' dir='ltr'>non</span> <span class='ocrx_word' id='word_1_67' title='bbox 1089 1093 1260 1142; x_wconf 89' lang='lat' dir='ltr'>modo</span> <span class='ocrx_word' id='word_1_68' title='bbox 1287 1092 1460 1141; x_wconf 91' lang='lat' dir='ltr'>homo</span> <span class='ocrx_word' id='word_1_69' title='bbox 1489 1092 1544 1142; x_wconf 91' lang='lat' dir='ltr'>in</span> <span class='ocrx_word' id='word_1_70' title='bbox 1573 1092 1846 1157; x_wconf 82' lang='lat' dir='ltr'>singulari</span> <span class='ocrx_word' id='word_1_71' title='bbox 1874 1099 1960 1142; x_wconf 89' lang='lat' dir='ltr'>est</span> <span class='ocrx_word' id='word_1_72' title='bbox 1988 1092 2303 1159; x_wconf 84' lang='lat' dir='ltr'>proximuS,</span> 
     </span>
     <span class='ocr_line' id='line_1_10' title="bbox 447 1168 2305 1235; baseline 0 -16"><span class='ocrx_word' id='word_1_73' title='bbox 447 1170 547 1220; x_wconf 91' lang='lat' dir='ltr'>sed</span> <span class='ocrx_word' id='word_1_74' title='bbox 581 1171 752 1219; x_wconf 90' lang='lat' dir='ltr'>etiam</span> <span class='ocrx_word' id='word_1_75' title='bbox 781 1169 953 1219; x_wconf 90' lang='lat' dir='ltr'>homo</span> <span class='ocrx_word' id='word_1_76' title='bbox 985 1171 1041 1219; x_wconf 91' lang='lat' dir='ltr'>in</span> <span class='ocrx_word' id='word_1_77' title='bbox 1081 1168 1313 1235; x_wconf 87' lang='lat' dir='ltr'>plurali;</span> <span class='ocrx_word' id='word_1_78' title='bbox 1355 1177 1442 1220; x_wconf 89' lang='grc' dir='ltr'>θεῖ</span> <span class='ocrx_word' id='word_1_79' title='bbox 1464 1181 1718 1235; x_wconf 74' lang='lat' dir='ltr'>vnamque</span> <span class='ocrx_word' id='word_1_80' title='bbox 1750 1170 1994 1219; x_wconf 89' lang='lat' dir='ltr'>societas</span> <span class='ocrx_word' id='word_1_81' title='bbox 2027 1169 2208 1220; x_wconf 90' lang='lat' dir='ltr'>minor</span> <span class='ocrx_word' id='word_1_82' title='bbox 2245 1175 2305 1219; x_wconf 89' lang='lat' dir='ltr'>et</span> 
     </span>
     <span class='ocr_line' id='line_1_11' title="bbox 447 1246 2306 1314; baseline -0.001 -16"><span class='ocrx_word' id='word_1_83' title='bbox 447 1247 639 1313; x_wconf 90' lang='lat' dir='ltr'>major,</span> <span class='ocrx_word' id='word_1_84' title='bbox 665 1255 751 1298; x_wconf 89' lang='lat' dir='ltr'>est</span> <span class='ocrx_word' id='word_1_85' title='bbox 780 1249 979 1314; x_wconf 90' lang='lat' dir='ltr'>patria,</span> <span class='ocrx_word' id='word_1_86' title='bbox 1007 1255 1093 1297; x_wconf 90' lang='lat' dir='ltr'>est</span> <span class='ocrx_word' id='word_1_87' title='bbox 1123 1246 1381 1307; x_wconf 90' lang='lat' dir='ltr'>ecclesia,</span> <span class='ocrx_word' id='word_1_88' title='bbox 1408 1256 1495 1298; x_wconf 88' lang='lat' dir='ltr'>est</span> <span class='ocrx_word' id='word_1_89' title='bbox 1523 1263 1760 1313; x_wconf 87' lang='lat' dir='ltr'>regnum</span> <span class='ocrx_word' id='word_1_90' title='bbox 1785 1247 2030 1305; x_wconf 86' lang='lat' dir='ltr'>Domini,</span> <span class='ocrx_word' id='word_1_91' title='bbox 2055 1254 2112 1297; x_wconf 92' lang='lat' dir='ltr'>et</span> <span class='ocrx_word' id='word_1_92' title='bbox 2141 1263 2306 1312; x_wconf 85' lang='lat' dir='ltr'>super</span> 
     </span>
     <span class='ocr_line' id='line_1_12' title="bbox 447 1325 2305 1392; baseline 0 -17"><span class='ocrx_word' id='word_1_93' title='bbox 447 1342 643 1376; x_wconf 90' lang='lat' dir='ltr'>omnes</span> <span class='ocrx_word' id='word_1_94' title='bbox 677 1335 763 1377; x_wconf 92' lang='lat' dir='ltr'>est</span> <span class='ocrx_word' id='word_1_95' title='bbox 806 1327 932 1392; x_wconf 91' lang='lat' dir='ltr'>Ipse</span> <span class='ocrx_word' id='word_1_96' title='bbox 967 1326 1274 1375; x_wconf 83' lang='lat' dir='ltr'>Dominus:</span> <span class='ocrx_word' id='word_1_97' title='bbox 1323 1325 1379 1375; x_wconf 93' lang='lat' dir='ltr'>hi</span> <span class='ocrx_word' id='word_1_98' title='bbox 1413 1333 1543 1376; x_wconf 89' lang='lat' dir='ltr'>sunt</span> <span class='ocrx_word' id='word_1_99' title='bbox 1578 1327 1870 1391; x_wconf 84' lang='lat' dir='ltr'>proximus</span> <span class='ocrx_word' id='word_1_100' title='bbox 1902 1325 2100 1391; x_wconf 87' lang='lat' dir='ltr'>quibus</span> <span class='ocrx_word' id='word_1_101' title='bbox 2131 1325 2305 1375; x_wconf 88' lang='lat' dir='ltr'>bene-</span> 
     </span>
     <span class='ocr_line' id='line_1_13' title="bbox 446 1403 2306 1470; baseline -0.001 -16"><span class='ocrx_word' id='word_1_102' title='bbox 446 1403 762 1454; x_wconf 84' lang='lat' dir='ltr'>faciendum</span> <span class='ocrx_word' id='word_1_103' title='bbox 803 1412 890 1455; x_wconf 90' lang='lat' dir='ltr'>est</span> <span class='ocrx_word' id='word_1_104' title='bbox 931 1422 1003 1454; x_wconf 80' lang='lat' dir='ltr'>ex</span> <span class='ocrx_word' id='word_1_105' title='bbox 1045 1420 1251 1454; x_wconf 87' lang='lat' dir='ltr'>amore.</span> <span class='ocrx_word' id='word_1_106' title='bbox 1330 1403 1473 1455; x_wconf 84' lang='lat' dir='ltr'>Sunt</span> <span class='ocrx_word' id='word_1_107' title='bbox 1514 1406 1686 1455; x_wconf 90' lang='lat' dir='ltr'>etiam</span> <span class='ocrx_word' id='word_1_108' title='bbox 1726 1403 1783 1454; x_wconf 92' lang='lat' dir='ltr'>hi</span> <span class='ocrx_word' id='word_1_109' title='bbox 1822 1404 2029 1469; x_wconf 89' lang='lat' dir='ltr'>gradus</span> <span class='ocrx_word' id='word_1_110' title='bbox 2062 1403 2306 1470; x_wconf 84' lang='lat' dir='ltr'>proximi</span> 
     </span>
     <span class='ocr_line' id='line_1_14' title="bbox 446 1481 2306 1548; baseline -0.001 -16"><span class='ocrx_word' id='word_1_111' title='bbox 446 1484 854 1545; x_wconf 88' lang='lat' dir='ltr'>ascendentes;</span> <span class='ocrx_word' id='word_1_112' title='bbox 896 1484 952 1533; x_wconf 91' lang='lat' dir='ltr'>in</span> <span class='ocrx_word' id='word_1_113' title='bbox 986 1482 1253 1548; x_wconf 85' lang='lat' dir='ltr'>superiori</span> <span class='ocrx_word' id='word_1_114' title='bbox 1281 1483 1429 1532; x_wconf 92' lang='lat' dir='ltr'>enim</span> <span class='ocrx_word' id='word_1_115' title='bbox 1458 1483 1638 1548; x_wconf 91' lang='lat' dir='ltr'>gradu</span> <span class='ocrx_word' id='word_1_116' title='bbox 1671 1490 1758 1532; x_wconf 90' lang='lat' dir='ltr'>est</span> <span class='ocrx_word' id='word_1_117' title='bbox 1787 1483 2034 1533; x_wconf 88' lang='lat' dir='ltr'>societas</span> <span class='ocrx_word' id='word_1_118' title='bbox 2067 1481 2306 1548; x_wconf 90' lang='lat' dir='ltr'>plurium</span> 
     </span>
     <span class='ocr_line' id='line_1_15' title="bbox 447 1560 2305 1627; baseline 0 -17"><span class='ocrx_word' id='word_1_119' title='bbox 447 1578 612 1627; x_wconf 86' lang='lat' dir='ltr'>quam</span> <span class='ocrx_word' id='word_1_120' title='bbox 641 1561 812 1612; x_wconf 93' lang='lat' dir='ltr'>homo</span> <span class='ocrx_word' id='word_1_121' title='bbox 836 1561 1132 1627; x_wconf 87' lang='lat' dir='ltr'>singularis</span> <span class='ocrx_word' id='word_1_122' title='bbox 1155 1578 1166 1624; x_wconf 92' lang='lat'>;</span> <span class='ocrx_word' id='word_1_123' title='bbox 1200 1562 1255 1610; x_wconf 92' lang='lat' dir='ltr'>in</span> <span class='ocrx_word' id='word_1_124' title='bbox 1284 1561 1465 1611; x_wconf 90' lang='lat' dir='ltr'>adhuc</span> <span class='ocrx_word' id='word_1_125' title='bbox 1490 1562 1758 1627; x_wconf 88' lang='lat' dir='ltr'>superiori</span> <span class='ocrx_word' id='word_1_126' title='bbox 1787 1562 1966 1627; x_wconf 90' lang='lat' dir='ltr'>gradu</span> <span class='ocrx_word' id='word_1_127' title='bbox 1987 1567 2075 1611; x_wconf 89' lang='lat' dir='ltr'>est</span> <span class='ocrx_word' id='word_1_128' title='bbox 2099 1560 2305 1626; x_wconf 86' lang='lat' dir='ltr'>patria;</span> 
     </span>
     <span class='ocr_line' id='line_1_16' title="bbox 445 1638 2308 1705; baseline 0 -17"><span class='ocrx_word' id='word_1_129' title='bbox 445 1640 500 1689; x_wconf 91' lang='lat' dir='ltr'>in</span> <span class='ocrx_word' id='word_1_130' title='bbox 529 1639 711 1689; x_wconf 89' lang='lat' dir='ltr'>adhuc</span> <span class='ocrx_word' id='word_1_131' title='bbox 742 1640 1009 1705; x_wconf 87' lang='lat' dir='ltr'>superiori</span> <span class='ocrx_word' id='word_1_132' title='bbox 1038 1639 1217 1704; x_wconf 88' lang='lat' dir='ltr'>gradu</span> <span class='ocrx_word' id='word_1_133' title='bbox 1245 1646 1332 1689; x_wconf 91' lang='lat' dir='ltr'>est</span> <span class='ocrx_word' id='word_1_134' title='bbox 1360 1639 1632 1702; x_wconf 82' lang='lat' dir='ltr'>ecclesia3</span> <span class='ocrx_word' id='word_1_135' title='bbox 1668 1647 1725 1690; x_wconf 92' lang='lat' dir='ltr'>et</span> <span class='ocrx_word' id='word_1_136' title='bbox 1748 1640 1803 1689; x_wconf 88' lang='lat' dir='ltr'>in</span> <span class='ocrx_word' id='word_1_137' title='bbox 1831 1639 2014 1689; x_wconf 92' lang='lat' dir='ltr'>adhuc</span> <span class='ocrx_word' id='word_1_138' title='bbox 2038 1638 2308 1704; x_wconf 86' lang='lat' dir='ltr'>superiori</span> 
     </span>
     <span class='ocr_line' id='line_1_17' title="bbox 446 1717 2310 1783; baseline -0.001 -16"><span class='ocrx_word' id='word_1_139' title='bbox 446 1717 624 1783; x_wconf 83' lang='lat' dir='ltr'>gradu</span> <span class='ocrx_word' id='word_1_140' title='bbox 664 1725 751 1768; x_wconf 90' lang='lat' dir='ltr'>est</span> <span class='ocrx_word' id='word_1_141' title='bbox 790 1734 1027 1783; x_wconf 90' lang='lat' dir='ltr'>regnum</span> <span class='ocrx_word' id='word_1_142' title='bbox 1061 1717 1323 1779; x_wconf 83' lang='lat' dir='ltr'>Domini3</span> <span class='ocrx_word' id='word_1_143' title='bbox 1366 1717 1426 1769; x_wconf 88' lang='lat' dir='ltr'>in</span> <span class='ocrx_word' id='word_1_144' title='bbox 1460 1734 1723 1783; x_wconf 88' lang='lat' dir='ltr'>supremo</span> <span class='ocrx_word' id='word_1_145' title='bbox 1755 1726 1946 1768; x_wconf 91' lang='lat' dir='ltr'>autem</span> <span class='ocrx_word' id='word_1_146' title='bbox 1980 1724 2069 1768; x_wconf 90' lang='lat' dir='ltr'>est</span> <span class='ocrx_word' id='word_1_147' title='bbox 2108 1717 2310 1767; x_wconf 47' lang='lat' dir='ltr'>Domi-*</span> 
     </span>
     <span class='ocr_line' id='line_1_18' title="bbox 447 1794 2307 1862; baseline -0.001 -15"><span class='ocrx_word' id='word_1_148' title='bbox 447 1813 565 1847; x_wconf 80' lang='lat' dir='ltr'>nuS.</span> <span class='ocrx_word' id='word_1_149' title='bbox 644 1796 862 1847; x_wconf 89' lang='lat' dir='ltr'>Gradus</span> <span class='ocrx_word' id='word_1_150' title='bbox 903 1796 958 1846; x_wconf 93' lang='lat' dir='ltr'>hi</span> <span class='ocrx_word' id='word_1_151' title='bbox 997 1796 1374 1846; x_wconf 80' lang='lat' dir='ltr'>ascendentes</span> <span class='ocrx_word' id='word_1_152' title='bbox 1407 1804 1538 1847; x_wconf 91' lang='lat' dir='ltr'>sunt</span> <span class='ocrx_word' id='word_1_153' title='bbox 1579 1797 1724 1847; x_wconf 89' lang='lat' dir='ltr'>sicut</span> <span class='ocrx_word' id='word_1_154' title='bbox 1763 1796 1971 1862; x_wconf 88' lang='lat' dir='ltr'>gradus</span> <span class='ocrx_word' id='word_1_155' title='bbox 2010 1794 2216 1856; x_wconf 88' lang='lat' dir='ltr'>scalae,</span> <span class='ocrx_word' id='word_1_156' title='bbox 2250 1795 2307 1846; x_wconf 89' lang='lat' dir='ltr'>in</span> 
     </span>
     <span class='ocr_line' id='line_1_19' title="bbox 446 1873 1293 1939; baseline -0.002 -15"><span class='ocrx_word' id='word_1_157' title='bbox 446 1873 598 1939; x_wconf 88' lang='lat' dir='ltr'>cujus</span> <span class='ocrx_word' id='word_1_158' title='bbox 631 1875 843 1924; x_wconf 87' lang='lat' dir='ltr'>vertice</span> <span class='ocrx_word' id='word_1_159' title='bbox 879 1882 966 1924; x_wconf 90' lang='lat' dir='ltr'>est</span> <span class='ocrx_word' id='word_1_160' title='bbox 1001 1874 1293 1924; x_wconf 90' lang='lat' dir='ltr'>Dominus.</span> 
     </span>
    </p>

    <p class='ocr_par' dir='ltr' id='par_1_6' title="bbox 444 1953 2308 2414">
     <span class='ocr_line' id='line_1_20' title="bbox 544 1953 2308 2020; baseline -0.002 -15"><span class='ocrx_word' id='word_1_161' title='bbox 544 1966 658 2019; x_wconf 83' lang='lat'>92.</span> <span class='ocrx_word' id='word_1_162' title='bbox 707 1953 968 2004; x_wconf 82' lang='lat' dir='ltr'>Societas</span> <span class='ocrx_word' id='word_1_163' title='bbox 997 1961 1084 2003; x_wconf 90' lang='lat' dir='ltr'>est</span> <span class='ocrx_word' id='word_1_164' title='bbox 1118 1955 1411 2019; x_wconf 81' lang='lat' dir='ltr'>proximus</span> <span class='ocrx_word' id='word_1_165' title='bbox 1435 1971 1568 2020; x_wconf 89' lang='lat' dir='ltr'>prae</span> <span class='ocrx_word' id='word_1_166' title='bbox 1601 1954 1873 2019; x_wconf 83' lang='lat' dir='ltr'>singulari</span> <span class='ocrx_word' id='word_1_167' title='bbox 1902 1953 2153 2014; x_wconf 90' lang='lat' dir='ltr'>homine,</span> <span class='ocrx_word' id='word_1_168' title='bbox 2177 1953 2308 2019; x_wconf 90' lang='lat' dir='ltr'>quia</span> 
     </span>
     <span class='ocr_line' id='line_1_21' title="bbox 444 2032 2307 2101; baseline 0.001 -18"><span class='ocrx_word' id='word_1_169' title='bbox 444 2032 542 2083; x_wconf 90' lang='lat' dir='ltr'>illa</span> <span class='ocrx_word' id='word_1_170' title='bbox 563 2035 823 2084; x_wconf 88' lang='lat' dir='ltr'>consistit</span> <span class='ocrx_word' id='word_1_171' title='bbox 846 2051 919 2084; x_wconf 85' lang='lat' dir='ltr'>ex</span> <span class='ocrx_word' id='word_1_172' title='bbox 943 2033 1189 2100; x_wconf 89' lang='lat' dir='ltr'>pluribus</span> <span class='ocrx_word' id='word_1_173' title='bbox 1211 2051 1220 2083; x_wconf 91' lang='lat'><strong>:</strong></span> <span class='ocrx_word' id='word_1_174' title='bbox 1257 2053 1392 2101; x_wconf 89' lang='lat' dir='ltr'>erga</span> <span class='ocrx_word' id='word_1_175' title='bbox 1413 2034 1567 2086; x_wconf 87' lang='lat' dir='ltr'>illam</span> <span class='ocrx_word' id='word_1_176' title='bbox 1592 2034 1838 2085; x_wconf 88' lang='lat' dir='ltr'>charitas</span> <span class='ocrx_word' id='word_1_177' title='bbox 1862 2034 2120 2086; x_wconf 89' lang='lat' dir='ltr'>similiter</span> <span class='ocrx_word' id='word_1_178' title='bbox 2140 2050 2307 2084; x_wconf 86' lang='lat' dir='ltr'>exer·</span> 
     </span>
     <span class='ocr_line' id='line_1_22' title="bbox 445 2112 2306 2179; baseline 0 -17"><span class='ocrx_word' id='word_1_179' title='bbox 445 2112 626 2162; x_wconf 89' lang='lat' dir='ltr'>cenda</span> <span class='ocrx_word' id='word_1_180' title='bbox 658 2120 745 2162; x_wconf 86' lang='lat' dir='ltr'>est</span> <span class='ocrx_word' id='word_1_181' title='bbox 778 2120 838 2163; x_wconf 92' lang='lat' dir='ltr'>ut</span> <span class='ocrx_word' id='word_1_182' title='bbox 872 2129 1007 2178; x_wconf 89' lang='lat' dir='ltr'>erga</span> <span class='ocrx_word' id='word_1_183' title='bbox 1035 2112 1323 2164; x_wconf 88' lang='lat' dir='ltr'>hominem</span> <span class='ocrx_word' id='word_1_184' title='bbox 1356 2115 1411 2164; x_wconf 92' lang='lat' dir='ltr'>in</span> <span class='ocrx_word' id='word_1_185' title='bbox 1446 2113 1732 2178; x_wconf 81' lang='lat' dir='ltr'>singulari,</span> <span class='ocrx_word' id='word_1_186' title='bbox 1765 2129 1968 2179; x_wconf 90' lang='lat' dir='ltr'>nempe</span> <span class='ocrx_word' id='word_1_187' title='bbox 1999 2112 2306 2163; x_wconf 90' lang='lat' dir='ltr'>secundum</span> 
     </span>
     <span class='ocr_line' id='line_1_23' title="bbox 446 2190 2306 2258; baseline 0.001 -18"><span class='ocrx_word' id='word_1_188' title='bbox 446 2190 609 2256; x_wconf 90' lang='lat' dir='ltr'>quale</span> <span class='ocrx_word' id='word_1_189' title='bbox 642 2191 774 2241; x_wconf 88' lang='lat' dir='ltr'>boni</span> <span class='ocrx_word' id='word_1_190' title='bbox 807 2191 956 2257; x_wconf 89' lang='lat' dir='ltr'>quod</span> <span class='ocrx_word' id='word_1_191' title='bbox 984 2192 1131 2257; x_wconf 88' lang='lat' dir='ltr'>apud</span> <span class='ocrx_word' id='word_1_192' title='bbox 1165 2191 1353 2256; x_wconf 91' lang='lat' dir='ltr'>illam;</span> <span class='ocrx_word' id='word_1_193' title='bbox 1396 2193 1475 2242; x_wconf 91' lang='lat' dir='ltr'>ita</span> <span class='ocrx_word' id='word_1_194' title='bbox 1503 2209 1728 2258; x_wconf 88' lang='lat' dir='ltr'>prorsus</span> <span class='ocrx_word' id='word_1_195' title='bbox 1760 2191 1925 2242; x_wconf 90' lang='lat' dir='ltr'>aliter</span> <span class='ocrx_word' id='word_1_196' title='bbox 1957 2207 2094 2257; x_wconf 86' lang='lat' dir='ltr'>erga</span> <span class='ocrx_word' id='word_1_197' title='bbox 2125 2191 2306 2241; x_wconf 85' lang='lat' dir='ltr'>socie-</span> 
     </span>
     <span class='ocr_line' id='line_1_24' title="bbox 445 2269 2305 2336; baseline -0.001 -16"><span class='ocrx_word' id='word_1_198' title='bbox 445 2276 627 2320; x_wconf 87' lang='lat' dir='ltr'>tatem</span> <span class='ocrx_word' id='word_1_199' title='bbox 680 2269 1000 2334; x_wconf 87' lang='lat' dir='ltr'>proborum‚</span> <span class='ocrx_word' id='word_1_200' title='bbox 1043 2286 1209 2335; x_wconf 90' lang='lat' dir='ltr'>quam</span> <span class='ocrx_word' id='word_1_201' title='bbox 1262 2288 1397 2336; x_wconf 91' lang='lat' dir='ltr'>erga</span> <span class='ocrx_word' id='word_1_202' title='bbox 1442 2271 1779 2321; x_wconf 86' lang='lat' dir='ltr'>societatem</span> <span class='ocrx_word' id='word_1_203' title='bbox 1827 2287 1940 2320; x_wconf 92' lang='lat' dir='ltr'>non</span> <span class='ocrx_word' id='word_1_204' title='bbox 1986 2270 2305 2336; x_wconf 88' lang='lat' dir='ltr'>proborum.</span> 
     </span>
     <span class='ocr_line' id='line_1_25' title="bbox 445 2346 2307 2414; baseline -0.001 -15"><span class='ocrx_word' id='word_1_205' title='bbox 445 2346 692 2399; x_wconf 85' lang='lat' dir='ltr'>Amatur</span> <span class='ocrx_word' id='word_1_206' title='bbox 713 2349 955 2398; x_wconf 88' lang='lat' dir='ltr'>societas</span> <span class='ocrx_word' id='word_1_207' title='bbox 984 2364 1151 2414; x_wconf 91' lang='lat' dir='ltr'>quum</span> <span class='ocrx_word' id='word_1_208' title='bbox 1180 2348 1330 2399; x_wconf 92' lang='lat' dir='ltr'>bono</span> <span class='ocrx_word' id='word_1_209' title='bbox 1359 2348 1473 2414; x_wconf 88' lang='lat' dir='ltr'>ejus</span> <span class='ocrx_word' id='word_1_210' title='bbox 1501 2348 1813 2399; x_wconf 90' lang='lat' dir='ltr'>consulitur</span> <span class='ocrx_word' id='word_1_211' title='bbox 1835 2366 1908 2399; x_wconf 85' lang='lat' dir='ltr'>ex</span> <span class='ocrx_word' id='word_1_212' title='bbox 1937 2364 2128 2398; x_wconf 90' lang='lat' dir='ltr'>amore</span> <span class='ocrx_word' id='word_1_213' title='bbox 2156 2347 2307 2398; x_wconf 89' lang='lat' dir='ltr'>boni.</span> 
     </span>
    </p>

    <p class='ocr_par' dir='ltr' id='par_1_7' title="bbox 445 2427 2308 3198">
     <span class='ocr_line' id='line_1_26' title="bbox 545 2427 2306 2494; baseline -0.002 -15"><span class='ocrx_word' id='word_1_214' title='bbox 545 2441 664 2494; x_wconf 78' lang='lat'>93.</span> <span class='ocrx_word' id='word_1_215' title='bbox 714 2427 902 2478; x_wconf 88' lang='lat' dir='ltr'>Patria</span> <span class='ocrx_word' id='word_1_216' title='bbox 939 2435 1027 2477; x_wconf 91' lang='lat' dir='ltr'>est</span> <span class='ocrx_word' id='word_1_217' title='bbox 1060 2429 1354 2493; x_wconf 85' lang='lat' dir='ltr'>proximus</span> <span class='ocrx_word' id='word_1_218' title='bbox 1394 2445 1526 2494; x_wconf 88' lang='lat' dir='ltr'>prae</span> <span class='ocrx_word' id='word_1_219' title='bbox 1558 2429 1858 2488; x_wconf 86' lang='lat' dir='ltr'>societate,</span> <span class='ocrx_word' id='word_1_220' title='bbox 1893 2429 2022 2494; x_wconf 90' lang='lat' dir='ltr'>quia</span> <span class='ocrx_word' id='word_1_221' title='bbox 2053 2427 2306 2493; x_wconf 89' lang='lat' dir='ltr'>parentis</span> 
     </span>
     <span class='ocr_line' id='line_1_27' title="bbox 445 2503 2308 2567; baseline 0 -13"><span class='ocrx_word' id='word_1_222' title='bbox 445 2504 624 2555; x_wconf 89' lang='lat' dir='ltr'>instar</span> <span class='ocrx_word' id='word_1_223' title='bbox 670 2513 790 2567; x_wconf 89' lang='lat' dir='ltr'>est;</span> <span class='ocrx_word' id='word_1_224' title='bbox 839 2505 912 2554; x_wconf 89' lang='lat' dir='ltr'>ibi</span> <span class='ocrx_word' id='word_1_225' title='bbox 953 2505 1100 2554; x_wconf 90' lang='lat' dir='ltr'>enim</span> <span class='ocrx_word' id='word_1_226' title='bbox 1141 2503 1314 2555; x_wconf 89' lang='lat' dir='ltr'>homo</span> <span class='ocrx_word' id='word_1_227' title='bbox 1355 2513 1522 2555; x_wconf 91' lang='lat' dir='ltr'>natus</span> <span class='ocrx_word' id='word_1_228' title='bbox 1563 2513 1669 2565; x_wconf 86' lang='lat' dir='ltr'>est,</span> <span class='ocrx_word' id='word_1_229' title='bbox 1705 2505 1861 2554; x_wconf 90' lang='lat' dir='ltr'>illum</span> <span class='ocrx_word' id='word_1_230' title='bbox 1901 2505 2095 2565; x_wconf 90' lang='lat' dir='ltr'>nutrit,</span> <span class='ocrx_word' id='word_1_231' title='bbox 2137 2511 2196 2554; x_wconf 90' lang='lat' dir='ltr'>et</span> <span class='ocrx_word' id='word_1_232' title='bbox 2235 2503 2308 2554; x_wconf 88' lang='lat' dir='ltr'>ab</span> 
     </span>
     <span class='ocr_line' id='line_1_28' title="bbox 445 2582 2304 2649; baseline -0.001 -15"><span class='ocrx_word' id='word_1_233' title='bbox 445 2583 652 2649; x_wconf 89' lang='lat' dir='ltr'>injuriis</span> <span class='ocrx_word' id='word_1_234' title='bbox 685 2590 919 2633; x_wconf 88' lang='lat' dir='ltr'>tutatur.</span> <span class='ocrx_word' id='word_1_235' title='bbox 999 2582 1220 2632; x_wconf 88' lang='lat' dir='ltr'>Patriae</span> <span class='ocrx_word' id='word_1_236' title='bbox 1253 2600 1327 2633; x_wconf 82' lang='lat' dir='ltr'>ex</span> <span class='ocrx_word' id='word_1_237' title='bbox 1360 2600 1551 2633; x_wconf 89' lang='lat' dir='ltr'>amore</span> <span class='ocrx_word' id='word_1_238' title='bbox 1584 2582 2048 2633; x_wconf 83' lang='lat' dir='ltr'>benefaciendum</span> <span class='ocrx_word' id='word_1_239' title='bbox 2088 2589 2176 2632; x_wconf 86' lang='lat' dir='ltr'>est</span> <span class='ocrx_word' id='word_1_240' title='bbox 2217 2599 2304 2632; x_wconf 89' lang='lat' dir='ltr'>se—</span> 
     </span>
     <span class='ocr_line' id='line_1_29' title="bbox 446 2658 2307 2728; baseline -0.002 -15"><span class='ocrx_word' id='word_1_241' title='bbox 446 2663 691 2713; x_wconf 87' lang='lat' dir='ltr'>cundum</span> <span class='ocrx_word' id='word_1_242' title='bbox 744 2661 1118 2711; x_wconf 87' lang='lat' dir='ltr'>necessitates</span> <span class='ocrx_word' id='word_1_243' title='bbox 1175 2660 1309 2726; x_wconf 89' lang='lat' dir='ltr'>ejus,</span> <span class='ocrx_word' id='word_1_244' title='bbox 1365 2678 1508 2728; x_wconf 88' lang='lat' dir='ltr'>quae</span> <span class='ocrx_word' id='word_1_245' title='bbox 1553 2662 1824 2727; x_wconf 89' lang='lat' dir='ltr'>imprimis</span> <span class='ocrx_word' id='word_1_246' title='bbox 1877 2658 2139 2727; x_wconf 67' lang='lat' dir='ltr'>spectant</span> <span class='ocrx_word' id='word_1_247' title='bbox 2191 2659 2307 2726; x_wconf 86' lang='lat' dir='ltr'>ejus</span> 
     </span>
     <span class='ocr_line' id='line_1_30' title="bbox 446 2739 2307 2805; baseline -0.001 -14"><span class='ocrx_word' id='word_1_248' title='bbox 446 2739 674 2801; x_wconf 67' lang='lat' dir='ltr'>victum,</span> <span class='ocrx_word' id='word_1_249' title='bbox 722 2747 780 2791; x_wconf 91' lang='lat' dir='ltr'>et</span> <span class='ocrx_word' id='word_1_250' title='bbox 833 2755 1025 2790; x_wconf 90' lang='lat' dir='ltr'>eorum</span> <span class='ocrx_word' id='word_1_251' title='bbox 1071 2739 1162 2805; x_wconf 90' lang='lat' dir='ltr'>qui</span> <span class='ocrx_word' id='word_1_252' title='bbox 1212 2740 1287 2790; x_wconf 89' lang='lat' dir='ltr'>ibi</span> <span class='ocrx_word' id='word_1_253' title='bbox 1339 2747 1471 2790; x_wconf 89' lang='lat' dir='ltr'>sunt</span> <span class='ocrx_word' id='word_1_254' title='bbox 1516 2740 1692 2791; x_wconf 92' lang='lat' dir='ltr'>vitam</span> <span class='ocrx_word' id='word_1_255' title='bbox 1740 2739 1978 2800; x_wconf 88' lang='lat' dir='ltr'>civilem,</span> <span class='ocrx_word' id='word_1_256' title='bbox 2027 2746 2084 2790; x_wconf 92' lang='lat' dir='ltr'>et</span> <span class='ocrx_word' id='word_1_257' title='bbox 2129 2739 2307 2789; x_wconf 89' lang='lat' dir='ltr'>vitam</span> 
     </span>
     <span class='ocr_line' id='line_1_31' title="bbox 447 2816 2307 2885; baseline 0 -16"><span class='ocrx_word' id='word_1_258' title='bbox 447 2819 810 2885; x_wconf 90' lang='lat' dir='ltr'>spiritualem.</span> <span class='ocrx_word' id='word_1_259' title='bbox 890 2816 998 2883; x_wconf 79' lang='lat' dir='ltr'>Qui</span> <span class='ocrx_word' id='word_1_260' title='bbox 1031 2825 1186 2868; x_wconf 88' lang='lat' dir='ltr'>amat</span> <span class='ocrx_word' id='word_1_261' title='bbox 1221 2819 1479 2884; x_wconf 87' lang='lat' dir='ltr'>patriam,</span> <span class='ocrx_word' id='word_1_262' title='bbox 1515 2826 1573 2869; x_wconf 93' lang='lat' dir='ltr'>et</span> <span class='ocrx_word' id='word_1_263' title='bbox 1613 2819 1662 2869; x_wconf 89' lang='lat' dir='ltr'>ei</span> <span class='ocrx_word' id='word_1_264' title='bbox 1702 2836 1775 2869; x_wconf 84' lang='lat' dir='ltr'>ex</span> <span class='ocrx_word' id='word_1_265' title='bbox 1809 2817 2103 2869; x_wconf 88' lang='lat' dir='ltr'>benevelle</span> <span class='ocrx_word' id='word_1_266' title='bbox 2133 2817 2307 2869; x_wconf 90' lang='lat' dir='ltr'>bene-</span> 
     </span>
     <span class='ocr_line' id='line_1_32' title="bbox 446 2896 2308 2963; baseline -0.001 -14"><span class='ocrx_word' id='word_1_267' title='bbox 446 2898 598 2959; x_wconf 87' lang='lat' dir='ltr'>facit,</span> <span class='ocrx_word' id='word_1_268' title='bbox 632 2899 676 2948; x_wconf 88' lang='lat' dir='ltr'>is</span> <span class='ocrx_word' id='word_1_269' title='bbox 716 2899 772 2947; x_wconf 92' lang='lat' dir='ltr'>in</span> <span class='ocrx_word' id='word_1_270' title='bbox 811 2896 993 2947; x_wconf 84' lang='lat' dir='ltr'>altera</span> <span class='ocrx_word' id='word_1_271' title='bbox 1025 2897 1142 2946; x_wconf 89' lang='lat' dir='ltr'>vita</span> <span class='ocrx_word' id='word_1_272' title='bbox 1181 2905 1338 2947; x_wconf 87' lang='lat' dir='ltr'>amat</span> <span class='ocrx_word' id='word_1_273' title='bbox 1377 2912 1614 2963; x_wconf 89' lang='lat' dir='ltr'>regnum</span> <span class='ocrx_word' id='word_1_274' title='bbox 1655 2897 1900 2957; x_wconf 89' lang='lat' dir='ltr'>Domini,</span> <span class='ocrx_word' id='word_1_275' title='bbox 1937 2913 2066 2947; x_wconf 90' lang='lat' dir='ltr'>nam</span> <span class='ocrx_word' id='word_1_276' title='bbox 2106 2897 2180 2947; x_wconf 90' lang='lat' dir='ltr'>ibi</span> <span class='ocrx_word' id='word_1_277' title='bbox 2218 2904 2308 2948; x_wconf 87' lang='lat' dir='ltr'>est</span> 
     </span>
     <span class='ocr_line' id='line_1_33' title="bbox 445 2975 2308 3042; baseline -0.001 -16"><span class='ocrx_word' id='word_1_278' title='bbox 445 2993 680 3042; x_wconf 90' lang='lat' dir='ltr'>regnum</span> <span class='ocrx_word' id='word_1_279' title='bbox 713 2976 940 3026; x_wconf 90' lang='lat' dir='ltr'>Domini</span> <span class='ocrx_word' id='word_1_280' title='bbox 974 2975 1023 3025; x_wconf 93' lang='lat' dir='ltr'>ei</span> <span class='ocrx_word' id='word_1_281' title='bbox 1054 2975 1269 3040; x_wconf 89' lang='lat' dir='ltr'>patria;</span> <span class='ocrx_word' id='word_1_282' title='bbox 1311 2983 1368 3026; x_wconf 92' lang='lat' dir='ltr'>et</span> <span class='ocrx_word' id='word_1_283' title='bbox 1398 2976 1489 3041; x_wconf 91' lang='lat' dir='ltr'>qui</span> <span class='ocrx_word' id='word_1_284' title='bbox 1522 2983 1677 3025; x_wconf 90' lang='lat' dir='ltr'>amat</span> <span class='ocrx_word' id='word_1_285' title='bbox 1710 2991 1946 3041; x_wconf 88' lang='lat' dir='ltr'>regnum</span> <span class='ocrx_word' id='word_1_286' title='bbox 1980 2975 2227 3036; x_wconf 90' lang='lat' dir='ltr'>Domini,</span> <span class='ocrx_word' id='word_1_287' title='bbox 2261 2975 2308 3025; x_wconf 90' lang='lat' dir='ltr'>is</span> 
     </span>
     <span class='ocr_line' id='line_1_34' title="bbox 446 3054 2308 3120; baseline 0 -16"><span class='ocrx_word' id='word_1_288' title='bbox 446 3061 602 3104; x_wconf 89' lang='lat' dir='ltr'>amat</span> <span class='ocrx_word' id='word_1_289' title='bbox 644 3054 968 3115; x_wconf 88' lang='lat' dir='ltr'>Dominum,</span> <span class='ocrx_word' id='word_1_290' title='bbox 1010 3054 1139 3120; x_wconf 86' lang='lat' dir='ltr'>quia</span> <span class='ocrx_word' id='word_1_291' title='bbox 1177 3054 1455 3104; x_wconf 90' lang='lat' dir='ltr'>Dominus</span> <span class='ocrx_word' id='word_1_292' title='bbox 1495 3061 1583 3105; x_wconf 89' lang='lat' dir='ltr'>est</span> <span class='ocrx_word' id='word_1_293' title='bbox 1624 3070 1792 3105; x_wconf 88' lang='lat' dir='ltr'>omne</span> <span class='ocrx_word' id='word_1_294' title='bbox 1831 3055 1887 3104; x_wconf 91' lang='lat' dir='ltr'>in</span> <span class='ocrx_word' id='word_1_295' title='bbox 1927 3054 2186 3105; x_wconf 89' lang='lat' dir='ltr'>omnibus</span> <span class='ocrx_word' id='word_1_296' title='bbox 2224 3054 2308 3104; x_wconf 89' lang='lat' dir='ltr'>sui</span> 
     </span>
     <span class='ocr_line' id='line_1_35' title="bbox 446 3133 622 3198; baseline -0.006 -15"><span class='ocrx_word' id='word_1_297' title='bbox 446 3133 622 3198; x_wconf 89' lang='lat' dir='ltr'>regni.</span> 
     </span>
    </p>

    <p class='ocr_par' dir='ltr' id='par_1_8' title="bbox 446 3212 2306 3591">
     <span class='ocr_line' id='line_1_36' title="bbox 544 3212 2306 3279; baseline 0 -15"><span class='ocrx_word' id='word_1_298' title='bbox 544 3225 666 3279; x_wconf 80' lang='lat'>94·</span> <span class='ocrx_word' id='word_1_299' title='bbox 715 3212 979 3263; x_wconf 87' lang='lat' dir='ltr'>Ecclesia</span> <span class='ocrx_word' id='word_1_300' title='bbox 1006 3219 1093 3262; x_wconf 92' lang='grc' dir='ltr'>θεῖ</span> <span class='ocrx_word' id='word_1_301' title='bbox 1121 3213 1416 3278; x_wconf 84' lang='lat' dir='ltr'>proximus</span> <span class='ocrx_word' id='word_1_302' title='bbox 1444 3229 1579 3279; x_wconf 87' lang='lat' dir='ltr'>prae</span> <span class='ocrx_word' id='word_1_303' title='bbox 1601 3213 1803 3278; x_wconf 89' lang='lat' dir='ltr'>patria,</span> <span class='ocrx_word' id='word_1_304' title='bbox 1828 3228 1959 3271; x_wconf 88' lang='lat' dir='ltr'>nam</span> <span class='ocrx_word' id='word_1_305' title='bbox 1982 3213 2074 3279; x_wconf 86' lang='lat' dir='ltr'>qui</span> <span class='ocrx_word' id='word_1_306' title='bbox 2101 3229 2306 3264; x_wconf 90' lang='lat' dir='ltr'>consu·-</span> 
     </span>
     <span class='ocr_line' id='line_1_37' title="bbox 446 3289 2304 3351; baseline 0.001 -11"><span class='ocrx_word' id='word_1_307' title='bbox 446 3289 510 3341; x_wconf 93' lang='lat' dir='ltr'>lit</span> <span class='ocrx_word' id='word_1_308' title='bbox 539 3290 830 3351; x_wconf 88' lang='lat' dir='ltr'>ecclesiae,</span> <span class='ocrx_word' id='word_1_309' title='bbox 861 3291 1104 3342; x_wconf 88' lang='lat' dir='ltr'>consulit</span> <span class='ocrx_word' id='word_1_310' title='bbox 1133 3292 1427 3342; x_wconf 91' lang='lat' dir='ltr'>animabus</span> <span class='ocrx_word' id='word_1_311' title='bbox 1456 3299 1514 3342; x_wconf 92' lang='lat' dir='ltr'>et</span> <span class='ocrx_word' id='word_1_312' title='bbox 1541 3291 1691 3340; x_wconf 90' lang='lat' dir='ltr'>vitae</span> <span class='ocrx_word' id='word_1_313' title='bbox 1720 3298 1985 3340; x_wconf 90' lang='lat' dir='ltr'>aeternae</span> <span class='ocrx_word' id='word_1_314' title='bbox 2013 3290 2304 3342; x_wconf 89' lang='lat' dir='ltr'>hominum</span> 
     </span>
     <span class='ocr_line' id='line_1_38' title="bbox 448 3367 2306 3435; baseline 0.001 -17"><span class='ocrx_word' id='word_1_315' title='bbox 448 3369 538 3435; x_wconf 88' lang='lat' dir='ltr'>qui</span> <span class='ocrx_word' id='word_1_316' title='bbox 586 3369 639 3418; x_wconf 91' lang='lat' dir='ltr'>in</span> <span class='ocrx_word' id='word_1_317' title='bbox 687 3370 905 3434; x_wconf 90' lang='lat' dir='ltr'>patria;</span> <span class='ocrx_word' id='word_1_318' title='bbox 959 3387 1129 3435; x_wconf 89' lang='lat' dir='ltr'>quare</span> <span class='ocrx_word' id='word_1_319' title='bbox 1169 3371 1260 3435; x_wconf 88' lang='lat' dir='ltr'>qui</span> <span class='ocrx_word' id='word_1_320' title='bbox 1301 3369 1545 3420; x_wconf 88' lang='lat' dir='ltr'>consulit</span> <span class='ocrx_word' id='word_1_321' title='bbox 1586 3367 1859 3418; x_wconf 88' lang='lat' dir='ltr'>ecclesiae</span> <span class='ocrx_word' id='word_1_322' title='bbox 1900 3385 1973 3418; x_wconf 85' lang='lat' dir='ltr'>ex</span> <span class='ocrx_word' id='word_1_323' title='bbox 2013 3385 2221 3430; x_wconf 88' lang='lat' dir='ltr'>amore,</span> <span class='ocrx_word' id='word_1_324' title='bbox 2259 3370 2306 3420; x_wconf 87' lang='lat' dir='ltr'>is</span> 
     </span>
     <span class='ocr_line' id='line_1_39' title="bbox 446 3444 2305 3513; baseline 0.001 -18"><span class='ocrx_word' id='word_1_325' title='bbox 446 3453 600 3496; x_wconf 86' lang='lat' dir='ltr'>amat</span> <span class='ocrx_word' id='word_1_326' title='bbox 634 3447 952 3512; x_wconf 87' lang='lat' dir='ltr'>proximum</span> <span class='ocrx_word' id='word_1_327' title='bbox 985 3448 1039 3496; x_wconf 91' lang='lat' dir='ltr'>in</span> <span class='ocrx_word' id='word_1_328' title='bbox 1074 3447 1342 3513; x_wconf 88' lang='lat' dir='ltr'>superiori</span> <span class='ocrx_word' id='word_1_329' title='bbox 1373 3447 1568 3513; x_wconf 89' lang='lat' dir='ltr'>gradu,</span> <span class='ocrx_word' id='word_1_330' title='bbox 1599 3462 1729 3495; x_wconf 89' lang='lat' dir='ltr'>nam</span> <span class='ocrx_word' id='word_1_331' title='bbox 1763 3447 1806 3495; x_wconf 92' lang='lat' dir='ltr'>is</span> <span class='ocrx_word' id='word_1_332' title='bbox 1840 3444 2060 3497; x_wconf 88' lang='lat' dir='ltr'>caelum</span> <span class='ocrx_word' id='word_1_333' title='bbox 2093 3454 2152 3498; x_wconf 90' lang='lat' dir='ltr'>et</span> <span class='ocrx_word' id='word_1_334' title='bbox 2183 3446 2305 3499; x_wconf 85' lang='lat' dir='ltr'>seli-</span> 
     </span>
     <span class='ocr_line' id='line_1_40' title="bbox 447 3524 1900 3591; baseline 0.001 -15"><span class='ocrx_word' id='word_1_335' title='bbox 447 3526 683 3576; x_wconf 88' lang='lat' dir='ltr'>citatem</span> <span class='ocrx_word' id='word_1_336' title='bbox 716 3526 867 3575; x_wconf 89' lang='lat' dir='ltr'>vitae</span> <span class='ocrx_word' id='word_1_337' title='bbox 900 3526 955 3575; x_wconf 92' lang='lat' dir='ltr'>in</span> <span class='ocrx_word' id='word_1_338' title='bbox 989 3534 1284 3576; x_wconf 84' lang='lat' dir='ltr'>aeternum</span> <span class='ocrx_word' id='word_1_339' title='bbox 1317 3525 1439 3575; x_wconf 89' lang='lat' dir='ltr'>aliis</span> <span class='ocrx_word' id='word_1_340' title='bbox 1473 3532 1636 3591; x_wconf 90' lang='lat' dir='ltr'>optat</span> <span class='ocrx_word' id='word_1_341' title='bbox 1671 3532 1728 3575; x_wconf 92' lang='lat' dir='ltr'>et</span> <span class='ocrx_word' id='word_1_342' title='bbox 1761 3524 1900 3578; x_wconf 82' lang='lat' dir='ltr'>vult.</span> 
     </span>
    </p>

    <p class='ocr_par' dir='ltr' id='par_1_9' title="bbox 446 3604 2304 3748">
     <span class='ocr_line' id='line_1_41' title="bbox 544 3604 2304 3671; baseline -0.001 -15"><span class='ocrx_word' id='word_1_343' title='bbox 544 3617 663 3670; x_wconf 84' lang='lat'>95.</span> <span class='ocrx_word' id='word_1_344' title='bbox 712 3604 978 3670; x_wconf 88' lang='lat' dir='ltr'>Regnum</span> <span class='ocrx_word' id='word_1_345' title='bbox 1012 3605 1243 3654; x_wconf 88' lang='lat' dir='ltr'>Domini</span> <span class='ocrx_word' id='word_1_346' title='bbox 1275 3611 1363 3655; x_wconf 88' lang='lat' dir='ltr'>est</span> <span class='ocrx_word' id='word_1_347' title='bbox 1395 3605 1690 3671; x_wconf 83' lang='lat' dir='ltr'>proximus</span> <span class='ocrx_word' id='word_1_348' title='bbox 1728 3605 1782 3654; x_wconf 90' lang='lat' dir='ltr'>in</span> <span class='ocrx_word' id='word_1_349' title='bbox 1814 3604 1998 3655; x_wconf 88' lang='lat' dir='ltr'>adhuc</span> <span class='ocrx_word' id='word_1_350' title='bbox 2031 3604 2304 3671; x_wconf 87' lang='lat' dir='ltr'>superiori</span> 
     </span>
     <span class='ocr_line' id='line_1_42' title="bbox 446 3680 2304 3748; baseline 0 -17"><span class='ocrx_word' id='word_1_351' title='bbox 446 3681 642 3746; x_wconf 87' lang='lat' dir='ltr'>gradu,</span> <span class='ocrx_word' id='word_1_352' title='bbox 685 3697 814 3731; x_wconf 90' lang='lat' dir='ltr'>nam</span> <span class='ocrx_word' id='word_1_353' title='bbox 855 3697 1091 3747; x_wconf 85' lang='lat' dir='ltr'>regnum</span> <span class='ocrx_word' id='word_1_354' title='bbox 1133 3681 1360 3732; x_wconf 92' lang='lat' dir='ltr'>Domini</span> <span class='ocrx_word' id='word_1_355' title='bbox 1400 3681 1659 3732; x_wconf 88' lang='lat' dir='ltr'>consistit</span> <span class='ocrx_word' id='word_1_356' title='bbox 1707 3698 1779 3731; x_wconf 86' lang='lat' dir='ltr'>ex</span> <span class='ocrx_word' id='word_1_357' title='bbox 1820 3680 2077 3731; x_wconf 89' lang='lat' dir='ltr'>omnibus</span> <span class='ocrx_word' id='word_1_358' title='bbox 2117 3681 2208 3748; x_wconf 89' lang='lat' dir='ltr'>qui</span> <span class='ocrx_word' id='word_1_359' title='bbox 2249 3681 2304 3731; x_wconf 92' lang='lat' dir='ltr'>in</span> 
     </span>
    </p>
   </div>
   <div class='ocr_carea' id='block_1_5' title="bbox 2370 0 2496 568">
    <p class='ocr_par' dir='ltr' id='par_1_10' title="bbox 2370 0 2496 568">
     <span class='ocr_line' id='line_1_43' title="bbox 2370 0 2496 568; baseline 0 3682"><span class='ocrx_word' id='word_1_360' title='bbox 2370 0 2496 568; x_wconf 95' lang='lat' dir='ltr'> </span> 
     </span>
    </p>
   </div>
  </div>
 </body>
</html>
