2496 4250
468 396 563 451 152
1002 399 1085 438 DE
1125 398 1298 438 NOVA
1339 399 1795 442 HIEROSOLYMA

459 550 584 592 quae
608 536 700 580 fuit
724 538 928 581 ecclesia
951 540 1378 595 repraesentativa,
1398 541 1496 584 sint
1518 555 1643 598 quae
1666 543 1828 586 adhuc
1856 543 1902 585 in
1928 551 2136 601 utroque
2159 559 2320 597 sensu,

459 604 663 638 externo
703 605 752 639 et
791 597 997 647 interno,
1025 599 1206 647 valent,
1234 599 1333 641 sint
1370 613 1495 656 quae
1527 602 1799 643 secundum
1833 615 2030 645 sensum
2064 613 2322 648 externum

459 654 663 696 omnino
686 655 1012 698 custodienda
1034 665 1162 706 sunt,
1187 657 1285 699 sint
1307 671 1432 713 quae
1456 668 1664 714 possunt
1685 673 1791 702 esse
1809 661 1918 703 usui
1942 661 1982 704 si
2006 661 2137 711 libet,
2157 671 2207 706 et
2223 663 2324 706 sint

459 725 584 767 quae
613 726 812 768 prorsus
836 714 1072 770 abrogata
1097 715 1177 770 (de
1200 715 1391 771 quibus,
1415 730 1461 759 n.
1485 719 1635 772 9349).

548 769 694 827 Quod
718 771 935 814 Verbum
973 772 1206 815 Divinum
1240 774 1303 816 sit
1330 774 1478 817 etiam
1506 776 1668 832 quoad
1698 776 1778 819 ilra
1803 791 1927 833 quae
1950 778 2186 836 abrogata
2207 787 2324 822 sunt

462 831 525 883 (n.
560 829 733 884 10637).

548 929 704 987 Quale
728 930 946 973 Verbum
981 932 1028 974 in
1062 945 1207 975 sensu
1242 933 1447 983 litterae,
1473 934 1512 977 si
1546 948 1645 978 non
1675 935 1968 992 intelligitur
1989 936 2134 979 simul
2157 938 2320 994 quoad

459 1002 655 1032 sensum
696 989 959 1040 internum,
986 1004 1072 1033 seu
1116 991 1250 1047 quod
1294 991 1438 1042 idem,
1466 994 1739 1037 secundum
1774 1009 1937 1037 veram
1977 993 2253 1038 doftrinam
2294 1010 2322 1040 e

460 1047 625 1091 Verbo
652 1050 716 1101 (n.
746 1050 920 1102 10402).
2273 1074 2277 1078 ·

527 1104 694 1206 &uod
719 1120 777 1149 ex
801 1121 946 1149 sensu
970 1107 1161 1150 litterae
1183 1109 1368 1165 absque
1390 1123 1535 1152 sensu
1562 1110 1768 1161 interno,
1793 1125 1876 1154 seu
1901 1111 2085 1167 absque
2108 1112 2324 1168 genuina

458 1165 523 1207 do
578 1164 682 1207 rina
709 1178 768 1208 ex
791 1165 970 1215 Verbo,
995 1166 1220 1210 haereses
1248 1167 1490 1211 immenso
1518 1183 1724 1212 numero
1746 1169 2016 1213 scaturiant
2043 1172 2107 1226 (n.
2136 1170 2322 1227 10401(?

463 1224 656 1278 10400]).

548 1281 694 1339 Quod
735 1282 801 1324 illi
839 1283 922 1338 qui
962 1283 1010 1325 in
1053 1292 1259 1327 externo
1295 1285 1480 1342 absque
1525 1285 1720 1329 interno
1755 1294 1884 1336 sunt,
1913 1300 2012 1330 non
2045 1287 2324 1332 sustineant

460 1340 694 1383 interiora
715 1341 865 1384 Verbi
893 1343 956 1397 (n.
987 1342 1160 1397 10694).

547 1397 694 1456 Quod
717 1399 889 1456 Judaei
913 1401 1036 1443 tales
1059 1401 1254 1450 fuerint,
1278 1410 1327 1444 et
1350 1415 1548 1458 quoque
1572 1403 1718 1446 hodie
1743 1403 1841 1446 sint
1866 1405 1930 1460 (n.
1956 1416 2169 1459 301—303,
2195 1415 2322 1461 3479,

457 1469 585 1513 4429,
608 1470 736 1513 4433,
759 1459 889 1511 4680,
912 1459 1041 1512 4844,
1065 1460 1192 1512 4847,
1218 1461 1369 1515 10396,
1394 1473 1545 1514 10401,
1571 1473 1722 1515 10407,
1747 1463 1899 1517 10694,
1924 1473 2076 1516 10701,
2100 1466 2277 1518 10707).

457 1581 605 1654 ⁸263.
651 1598 791 1653 Quod
807 1599 1047 1642 Dominus
1067 1601 1132 1641 sit
1168 1601 1382 1644 Verbum.

547 1696 694 1754 Quod
720 1698 766 1739 in
791 1713 937 1741 sensu
964 1699 1138 1742 intimo
1162 1700 1309 1743 Verbi
1334 1709 1508 1758 agatur
1529 1701 1671 1744 unice
1695 1702 1756 1745 de
1782 1701 2039 1753 Dominus,
2063 1717 2120 1747 ac
2142 1704 2323 1748 descri-

459 1755 640 1798 bantur
665 1770 838 1800 omnes
866 1766 1023 1801 status
1046 1758 1416 1815 glorificationis
1448 1759 1665 1802 Humani
1696 1760 1869 1816 Ipsius,
1893 1762 1988 1805 hoc
2013 1770 2100 1811 est,
2126 1763 2323 1806 unionis

457 1827 568 1856 cum
595 1815 700 1870 ipso
731 1815 925 1865 Divino,
950 1825 999 1859 et
1025 1831 1221 1872 quoque
1244 1831 1415 1861 omnes
1438 1827 1595 1861 status
1619 1819 1980 1875 subjugationis
2004 1820 2320 1870 infernorum,

457 1885 514 1915 ac
537 1873 864 1917 ordinationis
887 1875 1110 1917 omnium
1135 1876 1199 1917 ibi
1223 1884 1273 1919 et
1298 1876 1345 1918 in
1369 1877 1516 1920 caelis
1538 1879 1601 1932 (n.
1628 1890 1755 1932 2249,
1780 1880 1930 1932 7014).

550 1931 625 1974 Ita
651 1933 782 1988 quod
819 1933 865 1974 in
892 1933 974 1976 illo
997 1947 1142 1976 sensu
1171 1935 1477 1978 describatur
1503 1936 1665 1979 omnis
1689 1937 1790 1979 vita
1819 1936 2020 1980 Domini
2046 1937 2092 1979 in
2118 1939 2320 1987 mundo,

458 1999 506 2033 et
530 1991 664 2046 quod
691 2005 776 2046 per
794 1992 840 2033 id
867 1993 1142 2047 praesentia
1167 1992 1367 2036 Domini
1386 1994 1622 2037 continua
1637 1995 1700 2038 sit
1723 1996 1852 2051 apud
1871 1996 2070 2052 angelos
2089 1998 2152 2051 (n.
2173 1999 2321 2052 2523).

549 2048 763 2092 Proinde
796 2051 929 2106 quod
953 2052 1086 2094 solus
1117 2051 1360 2095 Dominus
1387 2052 1450 2095 sit
1484 2053 1532 2094 in
1567 2053 1741 2096 intimo
1765 2053 1938 2104 Verbi;
1971 2063 2020 2098 et
2043 2055 2177 2111 quod
2206 2055 2322 2100 inde

461 2106 695 2150 Divinum
718 2117 768 2150 et
791 2107 1013 2151 sanctum
1040 2110 1187 2153 Verbi
1211 2110 1275 2153 sit
1301 2112 1364 2165 (n.
1394 2112 1516 2166 1873,
1542 2115 1693 2167 9357).

547 2165 694 2224 Quod
721 2167 963 2211 Dominus
987 2168 1166 2211 dixerit
1188 2170 1320 2225 quod
1347 2170 1547 2226 impleta
1570 2171 1635 2213 sit
1658 2170 1911 2228 Scriptura
1933 2171 1994 2215 de
2020 2171 2148 2229 Ipso,
2172 2171 2323 2230 signi-

458 2225 571 2268 ficet
594 2226 726 2282 quod
751 2226 918 2269 omnia
939 2240 1063 2283 quae
1089 2227 1135 2269 in
1160 2241 1306 2270 sensu
1331 2228 1507 2272 intimo
1533 2230 1598 2284 (n.
1623 2230 1773 2284 7933).

596 2341 693 2383 uod
718 2340 935 2383 Verbum
960 2341 1202 2397 significet
1228 2341 1462 2385 Divinum
1489 2342 1680 2386 Verum·
1703 2345 1766 2398 (n.
1789 2343 1918 2398 4692,
1947 2355 2071 2400 5075,
2095 2345 2246 2401 9987).

597 2400 695 2442 uod
723 2399 965 2442 Dominus
988 2400 1051 2442 sit
1075 2399 1291 2443 Verbum
1316 2401 1430 2456 quia
1452 2411 1526 2444 est
1552 2401 1786 2445 Divinum
1814 2403 1999 2446 Verum
2025 2405 2090 2459 (n.
2120 2407 2268 2460 2533).

598 2459 696 2500 uod
734 2457 977 2501 Dominus
1010 2459 1073 2501 sit
1101 2459 1318 2502 Verbum
1353 2460 1502 2502 etiam
1535 2461 1650 2516 quia
1675 2461 1892 2504 Verbum
1926 2470 2001 2505 est
2026 2463 2087 2505 ab
2122 2462 2248 2519 Ipso,
2271 2471 2324 2507 et

459 2516 520 2559 de
547 2516 660 2572 Ipso
687 2519 751 2572 (n.
777 2517 924 2572 2859).

549 2575 622 2617 Ac
646 2576 706 2618 de
729 2575 835 2618 solo
861 2575 1078 2619 Domino
1103 2576 1149 2619 in
1174 2590 1318 2620 sensu
1338 2576 1527 2627 intimo,
1543 2577 1609 2620 ita
1629 2577 1737 2634 Ipse
1757 2577 2000 2622 Dominus
2024 2579 2088 2622 ibi
2111 2581 2174 2635 (n.
2198 2580 2322 2636 1873,

460 2646 488 2690 9
523 2644 613 2735 5Et
645 2693 759 2748 quia
782 2692 830 2734 in
854 2693 1083 2736 omnibus
1106 2702 1156 2736 et
1179 2694 1384 2751 singulis
1407 2693 1556 2737 Verbi
1584 2703 1658 2738 est
1680 2695 1967 2751 conjugium
1993 2695 2158 2739 Divini
2195 2697 2322 2741 Boni

460 2759 508 2794 et
535 2750 700 2794 Divini
725 2751 841 2795 Veri
868 2754 932 2807 (n.
959 2765 1084 2806 3004,
1113 2754 1258 2808 5502).

549 2809 693 2868 Quod
720 2810 933 2867 “Jesus”
957 2811 1021 2853 sit
1058 2810 1291 2854 Divinum
1328 2811 1537 2861 Bonum,
1561 2820 1611 2855 et
1635 2811 1939 2856 “Christus’'
1966 2812 2197 2856 Divinum
2225 2815 2323 2859 Ve-

460 2883 564 2911 rum
592 2870 656 2923 (n.
683 2881 809 2923 3004,
835 2879 960 2924 3005,
986 2871 1133 2924 3009).

549 2926 695 2984 Quod
733 2927 966 2970 Divinum
991 2928 1175 2971 Verum
1204 2929 1268 2972 sit
1300 2929 1499 2972 unicum
1528 2930 1667 2979 reale,
1691 2938 1741 2972 et
1767 2930 1900 2986 quod
1935 2930 1982 2972 id
2018 2930 2065 2972 in
2099 2945 2199 2987 quo
2230 2940 2320 2983 est,

459 2987 593 3042 quod
632 2995 706 3029 est
748 2999 808 3029 ex
853 2986 1047 3036 Divino,
1087 2987 1151 3030 sit
1188 2988 1388 3030 unicum
1426 2988 1746 3031 substantiale
1788 2990 1851 3043 (n.
1883 2999 2008 3044 5272,
2035 2989 2163 3039 6880,
2193 3001 2320 3045 7004,

464 3045 618 3100 5200[?
642 3045 811 3099 8200]).

552 3103 613 3146 Et
639 3104 753 3160 quia
779 3103 1011 3146 Divinum
1036 3104 1220 3147 Verum
1246 3106 1518 3161 procedens
1540 3118 1567 3148 a
1592 3104 1808 3149 Domino
1831 3114 1904 3149 est
1923 3106 2004 3148 lux
2030 3107 2077 3149 in
2102 3108 2252 3157 caelo,
2270 3116 2321 3151 et

463 3162 696 3205 Divinum
721 3162 913 3204 Bonum
933 3172 1007 3206 est
1022 3164 1156 3206 calor
1174 3164 1221 3206 in
1245 3164 1394 3213 caelo,
1413 3172 1463 3206 et
1484 3164 1599 3220 quia
1621 3177 1680 3206 ex
1704 3164 1796 3207 illis
1814 3166 1982 3207 omnia
2001 3165 2065 3208 ibi
2088 3166 2319 3216 existunt,

459 3230 508 3264 et
541 3221 656 3277 quia
694 3235 779 3276 per
816 3222 1004 3264 caelum
1040 3236 1124 3264 seu
1162 3236 1248 3278 per
1274 3223 1511 3264 mundum
1555 3222 1857 3278 spiritualem
1901 3224 2068 3266 existit
2106 3226 2320 3269 mundus

462 3280 708 3328 naturalis,
727 3288 863 3335 patet
881 3281 1016 3336 quod
1036 3281 1202 3323 omnia
1219 3294 1344 3336 quae
1362 3289 1525 3323 creata
1542 3290 1668 3328 sunt.
1689 3295 1747 3323 ex
1769 3281 1950 3324 Divino
1965 3282 2110 3332 Vero,
2130 3282 2198 3326 ita
2213 3281 2317 3327 mex

460 3338 638 3387 Verbo,
662 3347 826 3381 creata
848 3338 959 3388 sint,
984 3340 1254 3382 secundum
1279 3340 1400 3382 haec
1422 3340 1570 3382 verba
1591 3340 1722 3395 apud
1756 3341 2039 3397 Johannem,

535 3442 556 3456 '¹
573 3439 620 3475 In
639 3439 831 3485 principio
851 3445 932 3475 erat
951 3440 1142 3482 Verbum,
1162 3445 1200 3475 et
1218 3440 1396 3476 Verbum
1415 3445 1498 3475 erat
1515 3441 1624 3486 apud
1644 3441 1788 3482 Deum,
1808 3446 1847 3476 et
1866 3441 1976 3476 Deus
1993 3446 2077 3477 erat
2089 3442 2268 3478 Verbum
2281 3441 2318 3479 :⁹⁰

661 3517 669 3526 .
688 3518 695 3525 .
714 3517 723 3526 .
741 3518 749 3526 .
766 3495 804 3524 et
822 3501 892 3535 per
910 3490 1005 3525 illud
1025 3490 1159 3526 omnia
1172 3490 1277 3526 faeta
1289 3496 1381 3526 sunt
1394 3501 1496 3536 quae
1512 3490 1627 3526 fad'ta.
1663 3519 1670 3527 .
1688 3519 1697 3528 .
1715 3519 1723 3528 .
1741 3519 1750 3528 .
1767 3494 1788 3508 ‘¹
1805 3491 1856 3526 Et
1870 3491 2048 3527 Verbum
2063 3503 2155 3528 caro
2169 3491 2319 3529 facstum

659 3539 741 3574 esf·
765 3539 933 3586 [(i·1‚3‚
956 3540 1018 3587 14)
1033 3540 1059 3587 τ]

462 3630 525 3684 (n.
552 3629 676 3682 2803,
703 3629 858 3684 2884[?
883 3630 1028 3684 2894],
1058 3641 1181 3685 5272,
1206 3630 1362 3686 7830[?
1385 3630 1555 3685 6880]).

551 3687 726 3742 (Porro
750 3689 810 3731 de
833 3688 1081 3732 creatione
1104 3690 1325 3732 omnium
1348 3702 1376 3732 a
1401 3688 1583 3732 Divino
1599 3689 1742 3739 Vero,
1760 3689 1827 3733 ita
1848 3703 1876 3733 a
1900 3689 2130 3741 Domino,
2148 3691 2315 3736 videa-
