2496 4250
436 423 497 489 58
1113 436 1194 475 DE
1233 435 1616 475 CHARITATE.

878 718 1384 787 [ARTICULUS]
1434 718 1864 772 SECUNDUS.

435 882 620 950 QUOD
649 895 985 936 SECUNDUM
1012 896 1395 937 CHARITATIS
1423 897 1517 937 SIT
1556 897 1798 937 FACERE
1837 897 2056 939 BONUM
2094 897 2287 939 PROX-

639 973 770 1013 IMO.

542 1107 683 1175 [Ex]
713 1108 907 1177 Esaja‚
933 1109 1116 1176 capite
1143 1117 1258 1174 1¹¹¹=03
1298 1117 1354 1161 et
1373 1110 1442 1161 de
1470 1110 1672 1177 poculo
1693 1119 1750 1162 et
1769 1111 1960 1178 patina
1977 1128 2118 1179 quae
2138 1111 2288 1164 intus

430 1187 719 1252 purganda
747 1189 908 1252 prius,

539 1263 705 1330 Quod
720 1265 763 1315 si
787 1282 898 1315 non
923 1274 1255 1331 purgantur,
1273 1263 1628 1332 [¹Jappareant
1651 1285 1822 1334 usque
1841 1268 2090 1319 exterius
2113 1267 2286 1331 bona;

430 1342 579 1407 quod
618 1342 724 1393 hoc
765 1344 836 1393 sit
877 1344 1247 1394 Pharisaicum
1287 1361 1383 1395 seu
1422 1345 1846 1411 hypocriticum,
1877 1345 1966 1397 vel
2005 1346 2287 1413 quoddam

431 1419 685 1470 naturale
714 1421 767 1470 in
795 1438 905 1487 quo
933 1438 1044 1473 non
1073 1422 1374 1487 spirituale,
1403 1423 1481 1473 ita
1508 1423 1714 1474 bon-um
1741 1425 1983 1489 spurium
2005 1441 2017 1487 ;
2057 1432 2115 1476 et
2142 1425 2187 1475 si
2225 1423 2287 1476 fit

427 1504 659 1563 propter
686 1497 942 1560 salutem,
972 1507 1058 1550 est
1086 1500 1292 1550 bonum
1321 1501 1677 1551 meritorium.

536 1573 647 1626 Sed
675 1575 812 1626 haec
841 1576 1171 1628 illustranda
1198 1586 1326 1628 sunt
1355 1579 1409 1628 in
1436 1579 1542 1629 hoc
1571 1580 1762 1630 ordine
1783 1596 1870 1630 :—

821 1704 853 1744 1.
898 1703 1015 1748 Quod
1031 1717 1111 1746 non
1145 1706 1251 1747 velle
1271 1706 1428 1747 malum
1450 1708 1596 1748 facet-e
1611 1706 1803 1760 proximo
1825 1707 1884 1749 sit
1902 1720 2052 1750 amm-e
2070 1707 2202 1750 illum.

813 1782 856 1823 2.
901 1783 1019 1827 Quod
1041 1785 1144 1825 velle
1165 1783 1316 1825 bonum
1339 1786 1485 1826 facere
1500 1785 1693 1839 proximo
1712 1786 1774 1827 sit
1789 1798 1938 1828 amare
1956 1786 2087 1828 illum.

816 1862 861 1903 3.
907 1861 1025 1907 Quod
1041 1866 1243 1916 quantum
1263 1863 1386 1904 homo
1405 1876 1486 1905 non
1512 1865 1600 1905 vult
1618 1865 1774 1905 malum
1798 1867 1942 1907 facere
1957 1865 2162 1919 proximo,
2189 1870 2285 1908 tan-

981 1921 1067 1959 tum
1089 1917 1188 1959 velit
1202 1917 1245 1959 ei
1262 1920 1408 1959 facere
1424 1918 1574 1960 bonum
1596 1932 1647 1960 ex
1668 1919 1903 1967 charitate:
1926 1924 1971 1962 et
1982 1933 2063 1962 non
2084 1920 2286 1964 victissim.

810 1996 850 2038 4.
896 1996 1014 2042 Quod
1039 1996 1136 2038 Ῐηοέ
1165 2001 1384 2052 sequatur,
1407 1998 1521 2052 quod
1542 1998 1726 2053 primum
1757 1999 1979 2041 charitatis
1999 1999 2060 2042 sit
2085 2003 2287 2054 spectare

979 2051 1040 2093 ad
1057 2053 1275 2094 Dominum
1297 2056 1342 2094 et
1370 2055 1520 2107 fugere
1550 2055 1662 2095 mala
1693 2057 1742 2095 ut
1764 2058 1971 2108 peccata:
2002 2058 2048 2096 et
2073 2054 2187 2110 quod
2210 2067 2285 2097 se·

978 2108 1160 2149 cundum
1182 2107 1405 2149 charitatis
1425 2108 1486 2150 sit
1505 2110 1651 2150 facere
1671 2108 1822 2151 bonum
1839 2109 2044 2164 prom‘mo.

429 2262 461 2304 1.
506 2262 624 2308 Quod
639 2275 720 2305 non
742 2263 847 2305 velle
869 2265 1014 2305 facere
1034 2264 1191 2305 malum
1208 2263 1400 2318 proximo
1421 2264 1481 2306 sit
1497 2277 1646 2307 amare
1665 2265 1795 2307 illum.

531 2367 638 2434 Qui
660 2369 806 2419 enim
829 2376 980 2419 amat
1003 2368 1259 2430 alterurn,
1283 2386 1395 2420 non
1416 2369 1546 2421 facit
1574 2370 1651 2421 illi
1678 2371 1884 2422 malum
1907 2388 1917 2434 ;
1958 2371 2091 2423 dicit
2113 2371 2283 2422 etiam

429 2445 645 2506 Paulu5‚
671 2447 817 2512 quod
846 2447 935 2512 qui
962 2455 1114 2498 amat
1143 2449 1477 2512 proximum,
1501 2457 1686 2499 servet
1715 2457 2075 2515 praeceptum
2099 2449 2281 2500 Deca-

423 2523 554 2590 logi,
584 2541 695 2575 non
731 2524 850 2575 vult
890 2525 1162 2585 occidere,
1192 2542 1303 2575 non
1331 2525 1451 2576 vult
1490 2528 1723 2577 scortari
1761 2544 1885 2578 cum
1924 2544 2100 2578 uxore
2138 2526 2282 2578 alte-

422 2603 548 2662 riuS‚
590 2619 701 2652 non
740 2602 859 2653 vult
899 2603 1076 2663 furari,
1119 2620 1231 2653 non
1268 2603 1466 2654 falsum
1505 2612 1711 2655 testem
1751 2605 1900 2670 agit3
1941 2621 2108 2671 quare
2148 2604 2282 2655 dicit

426 2680 575 2745 quod
614 2680 903 2745 plenitudo
932 2680 1070 2746 legis
1099 2682 1169 2731 sit
1199 2681 1454 2732 charitas,
1531 2681 1641 2732 Sed
1670 2683 1950 2748 quaeritur
1976 2681 2105 2749 quid
2133 2682 2281 2748 prius

421 2766 480 2808 et
526 2755 656 2824 quid
708 2759 1000 2823 posteriu5‚
1042 2775 1171 2808 num
1211 2760 1358 2824 prius
1397 2760 1469 2810 sit
1508 2777 1693 2810 amare
1733 2761 2068 2825 proximum,
2109 2767 2167 2810 et
2206 2777 2280 2811 ex

421 2852 610 2886 amore
638 2835 733 2886 illo
761 2836 854 2886 illa
883 2853 993 2887 non
1031 2837 1229 2897 facere,
1259 2836 1347 2887 vel
1376 2853 1506 2887 num
1546 2838 1692 2902 prius
1720 2837 1814 2888 illa
1841 2837 1988 2888 mala
2025 2855 2058 2888 a
2095 2854 2154 2888 se
2193 2855 2279 2888 re-

421 2930 663 2973 movere,
694 2922 750 2965 et
790 2916 866 2965 sic
907 2932 1092 2965 amare
1133 2915 1464 2980 proximum.
1548 2915 1675 2966 Hoc
1716 2916 1944 2966 evidens
1983 2924 2087 2977 est,
2128 2915 2277 2983 quod

421 2992 511 3057 qui
563 2999 716 3042 amat
756 2993 1072 3057 proximum
1113 2992 1207 3042 illa
1257 3010 1367 3043 non
1418 2993 1599 3044 faciat.
1677 2993 1786 3044 Sed
1827 2994 2105 3060 quaeritur
2142 3010 2278 3060 quo·

420 3070 590 3119 modo
629 3070 748 3135 quis
788 3079 978 3135 potest
1018 3087 1203 3121 amare
1243 3072 1575 3136 proximum,
1604 3088 1735 3122 num
1774 3072 1950 3137 possit
1978 3079 2280 3138 antequam

420 3147 514 3198 illa
537 3147 683 3198 mala
705 3147 862 3213 fugit,
886 3156 942 3198 et
966 3156 1180 3214 pugnat
1203 3156 1402 3199 contra
1420 3148 1530 3199 illa.
1605 3148 1864 3215 Apparet
1886 3150 2028 3201 sicut
2049 3149 2167 3215 ipse
2188 3147 2280 3200 ille

421 3242 577 3276 amor
615 3234 863 3291 pugnat3
915 3235 971 3276 et
1012 3234 1244 3292 pugnat,
1285 3226 1383 3277 sed
1422 3243 1534 3277 non
1573 3227 1887 3293 priusquam
1928 3243 2053 3278 cum
2090 3228 2147 3278 in
2184 3226 2280 3278 illo

424 3311 509 3353 est
533 3321 543 3366 ;
585 3304 683 3353 sed
712 3304 860 3370 quod
889 3305 942 3354 in
971 3303 1123 3353 illum
1152 3321 1398 3354 amorem
1427 3321 1538 3354 non
1566 3306 1743 3370 possit
1771 3306 1975 3364 venire,
2005 3305 2107 3355 nisi
2134 3305 2281 3371 prius

422 3389 711 3431 removeat
740 3381 887 3432 mala
910 3381 1018 3442 illa,
1044 3390 1300 3432 constare
1323 3390 1511 3447 potest
1535 3400 1607 3432 ex
1631 3400 1715 3443 eo,
1739 3383 1886 3449 quod
1909 3383 2279 3450 unusquisque

422 3458 591 3509 homo
630 3477 702 3509 ex
744 3461 1042 3510 nativitate
1083 3461 1153 3510 sit
1193 3461 1247 3509 in
1287 3461 1466 3510 omnis
1505 3461 1723 3525 generis
1762 3461 1939 3521 maliS‚
1981 3461 2128 3527 quod
2167 3476 2279 3511 non

423 3538 785 3601 concupiscat
825 3537 971 3587 aliud
1012 3554 1176 3603 quam
1217 3538 1363 3603 quod
1403 3538 1608 3588 malum
1650 3547 1754 3598 est,
1795 3547 1851 3589 et
1892 3539 2039 3605 quod
2079 3539 2123 3588 si
2168 3554 2279 3588 non

423 3615 830 3679 poenitentiam
870 3616 940 3665 ab
984 3615 1090 3665 illis
1129 3615 1264 3680 agit,
1306 3615 1435 3665 inibi
1476 3625 1732 3678 maneat3
1785 3634 1951 3682 quare
2002 3614 2096 3666 illa
2134 3613 2281 3665 mala

425 3691 673 3753 obstant,
704 3701 764 3743 ut
793 3709 903 3743 non
931 3711 1003 3743 ex
1033 3710 1220 3744 amore
1248 3693 1515 3759 spirituali
1552 3693 1646 3744 illo
1674 3695 1849 3759 possit
1878 3710 2062 3744 amare
2091 3692 2280 3759 proxi·
