2430 4256
416 440 486 492 66
1203 451 1489 492 CORONIS.

520 594 643 662 56.
693 591 849 642 Loca
876 609 906 642 e
934 590 1128 642 Verbo
1156 591 1511 658 Prophetic0,
1542 591 1596 641 in
1625 609 1735 658 quo
1761 592 1946 658 agitur
1971 591 2042 644 de
2070 591 2282 658 Eccle-⁴

417 673 498 723 sia
538 671 864 732 Israelitica,
906 670 962 720 in
1010 669 1208 736 quibus
1253 670 1323 721 de
1366 670 1783 730 “vastatione,''
1826 670 2273 731 “desolatione,”

420 747 896 810 “confractione,’'
929 756 987 800 et
1019 749 1125 799 hae
1154 749 1532 809 nominantur,
1557 756 1615 799 et
1647 766 1866 816 quoque
1891 749 2272 810 “desertum,”

415 837 547 880 sunt
580 828 906 895 seque-ntia:

501 949 582 990 “O
612 949 836 989 habitator
868 948 1210 1000 Hierosolymae
1246 957 1290 988 et
1319 950 1387 988 vir
1415 949 1614 1001 Jehudae
1619 979 1762 995 .....
1787 950 1891 1000 quid
1926 949 2086 989 faciam
2117 951 2275 990 vineae

631 1016 758 1043 meae
775 1004 893 1054 quod
914 1016 1005 1042 non
1026 1004 1249 1044 feceram?
1306 1002 1572 1054 Exspectavi
1593 1011 1641 1043 ut
1661 1003 1825 1043 faceret
1845 1017 1968 1051 uvas,
1993 1004 2072 1044 sed
2091 1004 2195 1044 fecit
2215 1005 2276 1045 la·

630 1059 826 1098 bruscas.
871 1089 880 1098 .
903 1089 913 1098 .
936 1089 945 1098 .
967 1088 977 1099 .
1023 1058 1193 1098 Ponam
1207 1070 1305 1098 eam
1328 1059 1372 1097 in
1390 1059 1739 1103 desolationem:
1772 1069 1860 1097 non
1875 1059 2114 1109 putabitur.
2131 1071 2275 1110 neque

632 1112 856 1160 sarrietur‚
895 1120 943 1152 ut
977 1113 1190 1151 ascendat
1224 1113 1372 1163 vepris
1376 1143 1512 1161 .....
1559 1120 1602 1151 et
1646 1113 1806 1151 domus
1842 1113 1886 1151 in
1921 1113 2274 1152 devastationem

629 1171 785 1210 erunt:
817 1177 907 1203 non
930 1165 1050 1203 enim
1082 1178 1195 1216 opus
1215 1166 1413 1218 Jehovae
1444 1167 1769 1217 introspiciunt,
1794 1173 1838 1206 et
1867 1165 2034 1206 factum
2063 1178 2273 1207 manuum

558 1258 565 1262 .
631 1217 739 1267 Ejus
764 1216 895 1270 [non]
919 1219 1108 1259 vident”
1130 1219 1272 1268 (Esai.
1293 1232 1335 1260 v.
1356 1220 1503 1270 3-12);

497 1275 525 1291 ‘⁴
542 1273 751 1312 Pastores
766 1273 892 1312 multi
914 1273 1200 1323 perdiderunt
1221 1272 1396 1311 vineam
1415 1284 1574 1319 meam,
1595 1272 1908 1311 conculcarunt
1928 1285 2085 1323 agrum
2105 1285 2269 1321 meum.

629 1329 894 1378 redegerunt
925 1339 1079 1377 agrum
1101 1327 1307 1366 desiderii
1341 1324 1468 1379 [mei]
1501 1327 1546 1365 in
1570 1327 1793 1365 desertum
1816 1327 2095 1375 solitudinis;
2125 1327 2274 1378 posuit

628 1394 726 1420 eam
758 1383 803 1420 in
835 1381 1132 1421 solitudinem.
1197 1412 1206 1421 .
1229 1413 1239 1422 .
1262 1413 1271 1421 .
1294 1412 1303 1422 .
1365 1381 1404 1420 O
1434 1381 1646 1424 desolata,
1681 1381 1880 1420 desolata
1908 1389 1976 1420 est
2014 1388 2110 1421 tota
2137 1389 2268 1430 terra,

629 1437 730 1487 quia
750 1449 841 1475 non
864 1448 1036 1486 ponens
1058 1448 1192 1486 super
1211 1448 1300 1476 cor.
1363 1436 1503 1485 Super
1523 1448 1679 1474 omnes
1701 1435 1836 1474 colles
1867 1436 1910 1474 in
1942 1436 2118 1475 deserto
2140 1448 2274 1476 vene-

629 1498 732 1530 runt
771 1498 1046 1538 vastatores;
1093 1521 1102 1530 .
1125 1521 1134 1530 .
1157 1521 1167 1530 .
1190 1521 1199 1530 .
1234 1497 1444 1530 severunt
1483 1490 1639 1537 tritica,
1683 1497 1726 1528 et
1765 1497 2047 1530 messuerunt
2085 1490 2236 1541 spinas
2249 1489 2272 1506 ”

630 1546 809 1597 (Jerem.
831 1545 905 1584 xii.
930 1541 1120 1594 10-13ffl)
1138 1556 1147 1592 ;

497 1599 661 1639 “Gens
697 1600 896 1639 ascendit
930 1611 1063 1649 super
1092 1606 1255 1638 terram
1291 1611 1437 1638 meam
1443 1629 1577 1644 .....
1599 1605 1642 1638 et
1677 1599 1847 1650 redegit
1875 1599 2011 1638 vitem
2045 1610 2192 1638 meam
2226 1599 2271 1638 in

628 1655 882 1694 vastitatem
897 1653 919 1668 ''
941 1651 1064 1706 (Joel
1079 1653 1105 1693 i.
1127 1651 1189 1704 6[,
1212 1649 1274 1704 7])
1294 1665 1303 1700 ;

496 1709 810 1748 “Devastatus
845 1715 912 1747 est
951 1720 1069 1758 ager,
1104 1707 1215 1747 luxit
1249 1715 1379 1755 terra,
1415 1707 1517 1758 quia
1554 1707 1835 1747 devastatum
1875 1714 1944 1747 est
1977 1707 2268 1754 frumentum.

627 1763 799 1802 exaruit
820 1770 1029 1809 mustum,
1054 1762 1236 1812 languet
1256 1762 1405 1801 oleum
1419 1761 1442 1776 ’'
1463 1761 1586 1814 (Joel
1601 1761 1629 1802 i.
1651 1761 1742 1812 10);

409 1906 507 1955 per
538 1888 806 1938 “vineam
821 1886 844 1906 '’
872 1894 930 1938 et
961 1885 1244 1953 “agrum”
1271 1886 1326 1936 in
1353 1885 1438 1936 his
1466 1884 1622 1947 lociS,
1653 1893 1714 1936 ut
1742 1886 1797 1936 in
1825 1885 1946 1936 aliis
1972 1886 2028 1936 in
2055 1885 2268 1948 Verb0,

410 1965 758 2033 significatur
791 1964 1067 2016 Ecclesia.

495 2090 593 2130 “In
629 2091 838 2130 omnibus
877 2090 1226 2129 habitationibus
1258 2089 1419 2128 vestris
1453 2089 1586 2128 urbes
1618 2088 1982 2133 devastabuntur,
2016 2094 2061 2127 et
2095 2087 2271 2128 excelsa

626 2146 959 2191 desolabuntur,
991 2151 1039 2183 ut
1069 2140 1400 2183 devastentur[²]
1431 2150 1475 2182 et
1504 2143 1762 2182 desolentur
1791 2142 1948 2182 altaria
1976 2149 2126 2182 vestra
2129 2172 2267 2190 .....

627 2207 889 2250 cessentque
919 2199 1039 2238 idola
1066 2206 1228 2245 vestra,
1254 2205 1297 2237 et
1326 2197 1642 2237 abscindantur
1671 2204 1844 2236 statuae
1874 2205 2062 2244 vestrae,
2095 2196 2272 2236 delean·

626 2262 696 2340 mli
728 2267 782 2293 ue
813 2266 950 2305 opera
980 2252 1166 2293 vestra’'
1196 2252 1364 2304 (Ezech.
1398 2252 1456 2292 vi.
1490 2253 1544 2301 6;
1588 2259 1682 2292 tum
1715 2264 1888 2303 quoque
1918 2251 2120 2291 videatur
2150 2263 2266 2292 vers.

631 2319 649 2347 1
697 2311 710 2332 ²³
760 2320 769 2355 ;

495 2320 680 2403 ‘'Oblitdit
705 2310 809 2403 siint
839 2362 930 2402 Mei
960 2362 1151 2413 populus
1182 2374 1322 2409 meuS,
1353 2361 1538 2400 vanitati
1568 2360 1807 2409 suffiverit;
1851 2391 1860 2400 .
1883 2391 1892 2400 .
1915 2390 1925 2400 .
1947 2391 1957 2400 .
1976 2367 2026 2400 ut
2053 2367 2271 2411 ponerent

624 2425 788 2457 terram
809 2418 854 2457 in
875 2418 1129 2456 vastitatem
1145 2416 1167 2431 '’
1189 2416 1368 2469 (Jerem.
1388 2415 1509 2456 xviii.
1533 2425 1596 2464 15,
1621 2415 1712 2465 16);

412 2524 644 2576 “terra”
672 2523 761 2575 hic
795 2541 896 2592 pro
928 2522 1205 2575 Ecclesia.

494 2648 521 2665 ‘⁶
534 2646 850 2710 Vastabuntur·
877 2646 1053 2686 excelsa
1085 2645 1296 2698 Jischaki,
1330 2653 1374 2686 et
1407 2644 1661 2686 sanctuaria
1697 2645 1876 2686 Israelis
1913 2645 2233 2686 desolabuntur
2245 2644 2268 2660 '⁹

494 2757 522 2775 ‘⁸
538 2700 975 2806 Abiogtmcfiscvggtffilb
995 2756 1110 2802 huic,
1131 2755 1295 2794 Audite
1315 2755 1550 2802 audiendo,
1572 2755 1650 2794 sed
1666 2767 1757 2794 non
1779 2754 2011 2804 intelligite
2028 2766 2037 2801 ;
2068 2761 2113 2794 et
2122 2753 2270 2794 videte

625 2810 831 2857 videndo,
858 2810 934 2849 sed
965 2822 1057 2849 non
1079 2810 1361 2860 cognoscite:
1407 2810 1637 2860 impingua
1666 2822 1742 2848 cor
1771 2809 1922 2860 populi
1943 2809 2074 2859 hujus
2079 2839 2206 2856 .....
2225 2815 2270 2848 et

625 2865 777 2904 oculos
808 2864 904 2915 ejus
936 2864 1130 2904 obline.”
1189 2865 1315 2903 Tunc
1335 2865 1444 2903 dixit
1478 2864 1714 2914 Propheta,
1744 2864 2040 2915 “Quousque,
2066 2862 2272 2902 Adonai?

626 2919 712 2971 Qui
743 2919 864 2966 dixit,
893 2919 1044 2970 Usque
1074 2919 1179 2958 dum
1210 2919 1499 2958 devastantur
1527 2920 1672 2964 urbes,
1700 2949 1709 2957 .
1730 2949 1739 2958 .
1759 2949 1767 2958 .
1788 2949 1797 2958 .
1816 2925 1860 2956 et
1898 2925 2016 2956 terra
2054 2916 2269 2967 redigitur

626 2974 671 3013 in
703 2974 1017 3021 solitudinem;
1058 2973 1368 3023 multiplicabit
1396 2973 1598 3024 Jehovah
1629 2973 1806 3012 deserta
1836 2973 1881 3011 in
1912 2971 2060 3013 medio
2089 2978 2231 3010 terrae
2246 2970 2269 2985 ”

625 3027 830 3078 (Esai.vi.
849 3030 999 3078 9-12);

493 3084 521 3102 “
536 3082 649 3122 Ecce
670 3083 872 3134 Jehovah
896 3095 1117 3122 evacuans
1148 3089 1327 3130 terram,
1352 3089 1396 3121 et
1416 3081 1679 3120 exinaniens
1709 3081 1829 3119 illam
1848 3092 1856 3125 ;
1890 3111 1899 3120 .
1922 3111 1932 3120 .
1954 3111 1964 3120 .
1987 3111 1996 3120 .
2011 3079 2268 3119 evacuando

626 3138 910 3176 evacuabitur
938 3144 1068 3184 terra,
1087 3168 1097 3178 .
1120 3168 1130 3178 .
1149 3168 1158 3177 .
1177 3133 1274 3176 exst]
1295 3149 1349 3175 eo
1379 3136 1496 3187 quod
1526 3135 1793 3186 transgressi
1824 3135 1912 3174 sint
1942 3130 2105 3184 legesffl
2126 3139 2270 3173 trans-

626 3192 855 3231 cenderint
885 3199 1113 3239 statutum,
1147 3191 1319 3230 irritum
1350 3190 1620 3230 reddiderint
1641 3190 1795 3228 foedus
1825 3188 2128 3236 aeternitatis;
2168 3188 2268 3228 ideo

626 3246 671 3284 in
688 3248 796 3284 urbe
810 3246 893 3284 erit
903 3246 1102 3293 vastitas,
1119 3253 1162 3285 et
1178 3258 1317 3297 usque
1333 3245 1388 3284 ad
1409 3244 1766 3284 devastationem
1788 3243 2084 3282 contundetur
2103 3250 2232 3292 porta
2244 3240 2268 3256 ’⁸

628 3300 767 3348 (Esai.
787 3300 907 3340 xxiv.
931 3310 966 3347 1,
986 3311 1024 3349 3,
1047 3309 1083 3348 5,
1108 3297 1246 3350 12[‹³]);
1682 3348 1684 3350 ,

495 3354 523 3372 “
537 3353 808 3393 Devastatae
843 3362 946 3394 sunt
981 3356 1180 3402 semitae,
1227 3353 1418 3394 cessavit
1450 3353 1673 3393 transiens
1707 3353 1840 3399 viam,
1874 3351 2043 3391 irritum
2078 3349 2269 3389 reddidit

626 3409 798 3494 foeduss
849 3439 858 3449 .
879 3439 888 3449 .
909 3440 919 3449 .
939 3440 948 3449 .
998 3409 1231 3460 Concipite
1246 3408 1518 3460 quisquiliaS,
1537 3408 1676 3458 parite
1693 3406 1902 3457 stipulam
1919 3405 1941 3421 ”
1955 3404 2095 3455 (ΕΔ-αι’.
2112 3403 2263 3444 xxxiii.

628 3464 665 3509 8,
689 3474 732 3501 11
757 3466 769 3487 ⁷
787 3464 827 3512 );

495 3518 522 3535 “
538 3516 674 3556 Tacui
705 3519 760 3556 ab
780 3525 963 3557 aeterno
968 3548 1110 3566 .....
1134 3517 1346 3557 desolabo
1375 3524 1419 3556 et
1449 3517 1697 3556 absorbebo
1719 3515 1864 3555 simul.
1923 3513 2122 3554 Vastabo
2142 3524 2269 3552 mon-

626 3579 692 3611 tes
714 3579 757 3611 et
778 3573 912 3612 colles
928 3572 950 3587 '’
972 3571 1111 3623 (Esai.
1132 3573 1223 3612 xlii.
1247 3583 1309 3620 14,
1334 3571 1425 3621 15);

495 3626 522 3644 ‘⁸
539 3625 851 3666 Destructores
873 3635 916 3666 et
936 3627 1240 3666 devastatores
1261 3627 1323 3665 tui
1345 3638 1399 3665 ex
1429 3634 1471 3665 te
1501 3625 1708 3671 exibunt:
1749 3654 1758 3664 .
1780 3654 1788 3663 .
1811 3653 1820 3663 .
1843 3654 1852 3663 .
1870 3634 1973 3661 nam
1996 3620 2142 3674 quoad
2168 3631 2268 3660 vas·

626 3681 818 3720 tationes
849 3689 893 3721 et
930 3682 1232 3721 desolationes
1263 3689 1375 3727 tuas,
1410 3687 1454 3719 et
1483 3687 1645 3720 terram
1676 3677 1997 3718 devastationis
2027 3683 2130 3716 tuae
2132 3703 2261 3723 .....

628 3736 778 3786 procul
800 3737 986 3775 aberunt
1007 3737 1292 3786 absorptores
1307 3735 1328 3749 ''
1350 3734 1489 3784 (Esai.
1510 3734 1613 3773 xlix.
1638 3743 1701 3782 17,
1724 3735 1815 3783 19);
