2496 4250
487 408 581 460 142
1019 409 1100 449 DE
1141 409 1315 450 NOVA
1355 411 1811 453 HIEROSOLYMA

481 548 768 608 naturalis,
811 565 911 614 pro
952 548 1302 601 hominibus:
1351 552 1480 603 inde
1520 561 1607 604 est
1647 555 1796 621 quod
1836 553 2153 621 conjunctio
2193 557 2335 610 caeli

479 641 604 674 cum
640 625 866 676 homine
901 628 971 677 sit
1006 645 1102 693 per
1135 627 1404 679 Verbum.

577 716 733 770 253.
774 705 1095 756 Genuinum
1124 725 1350 758 sensum
1369 709 1544 759 Verbi
1565 727 1677 760 non
1700 712 2035 778 intelligunt
2055 714 2148 765 alii
2167 732 2334 782 quam

479 781 569 845 qui
602 781 867 831 illustrati
901 790 1064 844 sunt;
1106 800 1169 834 ac
1205 784 1559 836 illustrantur
1591 786 1669 836 illi
1703 787 1903 848 solum,
1934 791 2024 855 qui
2057 791 2111 840 in
2145 808 2335 843 amore

478 866 534 907 et
565 857 671 908 fide
701 867 829 909 sunt
859 861 913 908 in
946 860 1282 924 Dominum;
1324 863 1546 914 illorum
1578 866 1725 915 enim
1754 867 2021 917 interiora
2043 868 2337 921 elevantur

478 953 509 986 a
542 937 788 987 Domino
822 939 875 987 in
911 938 1091 989 lucem
1128 941 1285 990 caeli.

542 1028 702 1083 254.
750 1017 1005 1068 Verbum
1044 1020 1099 1068 in
1139 1020 1332 1071 littera
1370 1038 1483 1071 non
1522 1030 1716 1088 potest
1755 1026 1879 1090 capi
1918 1026 2022 1076 nisi
2061 1044 2160 1092 per
2197 1028 2334 1079 doc-

477 1094 683 1143 trinam
717 1112 790 1144 ex
825 1094 1018 1145 Verbo
1059 1114 1156 1162 per
1189 1097 1532 1148 illustratum
1567 1098 1788 1150 factam.
1867 1101 2075 1153 Sensus
2108 1103 2335 1167 litterae

477 1171 592 1236 ejus
621 1175 1085 1224 accommodatus
1114 1184 1201 1225 est
1231 1178 1419 1241 captui
1449 1177 1736 1227 hominum
1761 1179 1934 1229 etiam
1962 1179 2295 1246 simplicium
2320 1197 2332 1243 ;

477 1267 646 1316 quare
680 1250 936 1303 doctrina
969 1270 998 1303 e
1032 1253 1225 1304 Verbo
1259 1256 1363 1305 erit
1397 1255 1505 1305 illis
1539 1273 1638 1322 pro
1673 1256 1916 1307 lucerna.

1143 1417 1206 1459 (εκ
1224 1427 1382 1450 ARCANIS
1401 1423 1666 1462 CAELESTmus.)

474 1513 618 1563 255.
660 1506 735 1549 De
771 1507 917 1550 Verbi
934 1508 1226 1551 Necessitate
1245 1514 1291 1551 et
1311 1511 1640 1554 Praestantia.

563 1604 710 1663 Quod
745 1621 803 1650 ex
835 1607 1020 1651 lumine
1054 1608 1270 1652 Naturae
1302 1610 1423 1652 nihil
1457 1611 1641 1654 sciatur
1667 1611 1728 1654 de
1763 1611 1993 1662 Domino,
2021 1613 2082 1656 de
2114 1613 2251 1656 caelo
2282 1620 2333 1656 et

475 1663 679 1712 inferno,
705 1666 765 1708 de
791 1666 893 1708 vita
926 1666 1139 1711 hominis
1166 1676 1278 1723 post
1305 1677 1527 1718 mortem,
1547 1678 1597 1712 et
1629 1670 1690 1712 de
1726 1670 1916 1714 Divinis
1939 1671 2067 1714 veris
2101 1685 2186 1728 per
2207 1684 2333 1728 quae

474 1723 662 1765 homini
685 1724 788 1767 vita
810 1724 1076 1780 spiritualis
1099 1734 1148 1769 et
1171 1735 1370 1769 aeterna
1396 1729 1459 1781 (n.
1484 1727 1610 1781 8944,
1640 1729 1988 1783 10318—10320).

564 1781 710 1838 Quod
736 1783 783 1825 id
807 1793 1032 1826 constare
1056 1785 1211 1840 possit
1233 1799 1293 1828 ex
1316 1787 1583 1842 e0,—quod
1613 1787 1786 1842 plures,
1811 1796 1859 1830 et
1883 1787 2009 1830 inter
2030 1800 2115 1831 eos
2137 1787 2331 1838 eruditi,

473 1853 570 1882 non
600 1841 802 1883 credant
837 1841 929 1890 illa,
952 1843 1148 1886 tametsi
1182 1843 1283 1886 nati
1316 1852 1434 1887 sunt
1466 1844 1547 1887 ubi
1576 1845 1806 1895 Verbum,
1830 1854 1880 1888 et
1913 1859 1999 1902 per
2021 1846 2069 1888 id
2104 1845 2329 1889 instructi

473 1899 535 1941 de
559 1899 651 1942 illis
678 1901 742 1954 (n.
772 1902 945 1954 10319).

562 1955 707 2014 Quod
738 1957 850 2001 ideo
874 1971 1127 2002 necessum
1150 1958 1296 2003 suerit
1319 1969 1373 2003 ut
1400 1961 1563 2017 aliqua
1584 1962 1818 2005 revelatio
1841 1970 1970 2006 esset
1995 1976 2022 2006 e
2047 1963 2198 2014 caelo,
2216 1963 2332 2020 quia

474 2015 626 2058 homo
649 2016 710 2059 ad
734 2017 923 2059 caelum
949 2026 1093 2061 natus
1116 2027 1191 2061 est
1217 2021 1280 2073 (n.
1310 2021 1454 2074 1775).
2269 2026 2298 2044 X

561 2074 707 2132 Quod
732 2075 844 2118 ideo
868 2076 1002 2118 omni
1029 2084 1251 2132 tempore
1274 2077 1420 2120 fuerit
1443 2078 1676 2121 revelatio
1703 2080 1766 2134 (n.
1792 2078 1940 2134 2895).

562 2132 635 2176 De
652 2133 797 2176 variis
816 2134 1126 2178 revelationis
1145 2136 1398 2192 speciebus
1419 2137 1466 2179 in
1490 2137 1581 2179 hac
1599 2137 1771 2181 tellure
1790 2137 2063 2181 successive
2087 2139 2152 2192 (n.
2177 2148 2283 2194 1035
2292 2148 2328 2194 5,

477 2191 651 2246 10632).

561 2249 707 2307 Quod
732 2250 1099 2307 antiquissimis,
1123 2253 1206 2308 qui
1233 2262 1346 2296 ante
1373 2253 1624 2303 diluvium,
1648 2268 1857 2310 quorum
1880 2262 2075 2311 tempus
2097 2262 2328 2298 vocatum

472 2316 547 2351 est
581 2309 828 2352 saeculum
862 2323 1077 2358 aureum.
1102 2310 1248 2354 fuerit
1275 2312 1508 2355 revelatio
1542 2312 1839 2363 immediata,
1867 2323 1916 2356 et
1943 2314 2057 2356 inde
2092 2312 2327 2356 Divinum

471 2367 655 2410 Verum
682 2367 970 2423 inscriptum
995 2369 1227 2413 cordibus
1250 2384 1420 2413 eorum
1449 2372 1513 2425 (n.
1534 2371 1682 2425 2896).

561 2425 707 2483 Quod
743 2427 790 2468 in
826 2426 1059 2483 Antiquis
1095 2428 1336 2477 Ecclesiis,
1364 2442 1487 2485 quae
1521 2428 1719 2472 fuerunt
1756 2438 1867 2486 post
1900 2429 2153 2479 diluvium,
2180 2429 2327 2473 fuerit

470 2484 687 2528 Verbum
711 2493 811 2527 tam
840 2484 1144 2528 Historicum
1167 2501 1313 2543 quam
1340 2487 1690 2543 Propheticum
1717 2490 1782 2543 (n.
1804 2488 1928 2538 2686,
1950 2488 2087 2544 2897;
2115 2494 2165 2528 de
2183 2493 2328 2539 quibus

470 2545 653 2591 ecclesiis,
673 2549 853 2584 videatur
871 2560 910 2585 n.
931 2545 1048 2598 247).

561 2601 707 2660 Quod
743 2602 975 2645 historica
1007 2603 1112 2659 ejus
1145 2602 1277 2647 dicta
1318 2603 1498 2647 fuerint
1528 2605 1665 2647 Bella
1708 2605 1927 2662 Jelzovae,
1952 2613 2002 2648 et
2038 2605 2328 2662 prophetica

470 2661 747 2703 Enuntiata
779 2663 842 2716 (n.
869 2661 1015 2715 2897).

559 2719 705 2777 Quod
731 2720 778 2762 id
803 2719 1018 2762 Verbum
1043 2719 1191 2764 fuerit
1213 2721 1371 2764 simile
1394 2729 1564 2765 nostro
1581 2721 1746 2765 Verbo
1768 2722 1929 2778 quoad
1954 2721 2324 2779 inspirationem

496 2793 539 2821 n.
565 2778 712 2833 2897).
1648 2792 1665 2806 ⁸

475 2780 492 2834 (
540 2835 708 2894 ‚Quod
734 2836 780 2879 id
807 2844 1132 2880 memoratum
1155 2837 1219 2880 sit
1241 2851 1270 2880 a
1293 2837 1433 2881 Mose
1458 2839 1522 2893 (n.
1547 2838 1673 2886 2686,
1700 2839 1847 2893 2897).

562 2895 658 2938 Sed
682 2896 814 2951 quod
841 2896 888 2938 id
914 2895 1128 2938 Verbum
1153 2896 1463 2952 deperditum
1491 2897 1555 2940 sit
1580 2899 1644 2951 (n.
1670 2897 1817 2951 2897).

559 2953 706 3011 Quod
745 2954 892 2996 etiam
932 2954 1247 3010 propheticae
1281 2955 1603 2999 revelationes
1645 2956 1775 3012 apud
1817 2955 1939 2999 alios
1977 2955 2170 3006 fuerint,
2197 2955 2324 3000 sicut

471 3021 606 3070 patet
628 3026 656 3055 a
678 3013 977 3069 propheticis
1003 3012 1208 3056 Bileami
1234 3015 1298 3068 (n.
1324 3014 1472 3068 2898).

558 3118 703 3176 Quod
733 3119 950 3163 Verbum
983 3121 1046 3164 sit
1081 3120 1316 3164 Divinum
1351 3121 1398 3163 in
1431 3121 1659 3165 omnibus
1691 3130 1740 3165 et
1773 3123 1976 3180 singulis
2011 3125 2076 3179 (n.
2102 3123 2200 3179 639,
2224 3123 2322 3174 680,

475 3178 940 3281 103511353632bum
974 3238 1036 3280 sit
1069 3235 1231 3294 quoad
1265 3251 1462 3281 omnem
1495 3238 1686 3294 jotham
1720 3248 1770 3282 et
1796 3240 1983 3296 apicem
2014 3239 2247 3283 Divinum
2274 3249 2324 3284 et

470 3282 695 3337 sanZ‘tum
721 3297 796 3348 (ab
818 3299 1132 3351 experientia,
1157 3311 1202 3339 n.
1231 3296 1382 3352 1349[?
1406 3297 1573 3351 9349]).

558 3353 823 3411 Quomodo
849 3355 1120 3411 explicatur
1147 3355 1294 3398 hodie
1321 3356 1454 3412 quod
1479 3355 1693 3398 Verbum
1721 3357 1883 3412 quoad
1912 3370 2108 3400 ornnem
2130 3356 2321 3413 j0tham

468 3412 532 3454 sit
557 3411 846 3467 inspiratum
875 3414 938 3468 (n.
967 3413 1112 3466 1886).

558 3509 703 3568 Quod
728 3512 933 3555 ecclesia
958 3512 1003 3554 in
1028 3513 1190 3568 specie
1213 3513 1276 3555 sit
1298 3513 1379 3555 ubi
1403 3512 1634 3562 Verbum,
1651 3521 1700 3556 et
1724 3527 1808 3570 per
1826 3514 1871 3556 id
1900 3513 2141 3557 Dominus
2159 3522 2318 3563 notus,

468 3582 524 3612 ac
554 3569 733 3612 Divina
754 3583 869 3613 vera
892 3572 1104 3614 revelata
1130 3574 1192 3625 (n.
1218 3572 1343 3626 3857,
1373 3571 1546 3624 10761).

558 3628 624 3670 At
647 3629 779 3684 quod
805 3629 915 3671 ideo
944 3643 1041 3672 non
1065 3630 1125 3671 ab
1148 3630 1353 3672 ecclesia
1374 3630 1472 3672 sint
1493 3630 1574 3686 qui
1605 3629 1703 3672 nati
1729 3630 1809 3672 ubi
1834 3630 2065 3679 Verbum,
2090 3639 2143 3673 et,
2162 3642 2247 3686 per
2269 3629 2317 3672 id

469 3684 712 3730 Dominus
740 3695 899 3737 notus,
917 3688 1002 3730 sed
1030 3687 1112 3744 qui
1141 3702 1226 3744 per
1246 3701 1361 3731 vera
1383 3701 1442 3731 ex
1466 3687 1629 3732 Verbo
1651 3702 1679 3732 a
1708 3688 1922 3732 Domino
1946 3695 2316 3746 regenerantur;
