2430 4256
254 441 475 483 NOVUM
498 441 754 482 CAELUM
778 440 856 480 ET
878 439 1099 480 NOVUM
1123 439 1454 480 INFERNUM
1478 439 1556 478 AB
1579 439 1810 479 EA.—N.
1833 430 1912 493 36.
1985 441 2050 494 47

188 592 248 638 et
280 585 366 637 cui

748 656 775 671 ¹‘
793 654 1026 694 Benedixit
1049 653 1169 693 Deus
1185 652 1207 668 ’'
1228 652 1413 703 (Gen.i2(.
1438 652 1500 704 1);

186 789 245 834 et
277 799 310 832 a
342 798 452 849 quo
485 780 608 832 solo
637 796 763 831 cum
797 779 973 830 tribus
1006 778 1191 829 liberis
1225 779 1544 846 superstite,

220 909 227 929 ⁴
639 906 666 922 “
683 904 896 954 Dispersa
916 911 983 942 est
1005 911 1098 942 tota
1119 902 1270 942 terra”
1288 902 1407 954 (Gen.
1430 903 1486 943 ix.
1511 903 1590 954 19).

185 1017 371 1070 Sicine
412 1017 748 1068 hereditaria
786 1017 1219 1082 generationum
1266 1033 1339 1066 ex
1380 1015 1610 1067 Adamo
1656 1018 1799 1068 sicut
1846 1017 2052 1069 diluvio

184 1097 473 1148 submersa
513 1094 995 1161 exstirparentur?
1071 1093 1200 1154 Sed,
1233 1096 1306 1144 mi
1346 1097 1543 1156 amice,
1575 1098 1821 1162 aperiam
1862 1115 2051 1148 veram

180 1176 583 1242 scaturiginem
613 1181 977 1240 peccatorum
1001 1171 1276 1223 2—Omne
1306 1173 1515 1224 malum
1545 1176 1860 1241 concipitur
1887 1194 1918 1226 a
1952 1177 2051 1226 Di-

183 1255 352 1306 abolo
386 1262 445 1305 ut
479 1262 656 1321 patre,
692 1260 749 1303 et
784 1253 1032 1302 nascitur
1065 1269 1137 1302 ex
1171 1251 1278 1302 fide
1312 1253 1613 1303 atheistica
1646 1262 1705 1304 ut
1740 1263 1951 1318 matre;
1994 1265 2050 1307 et

181 1333 444 1394 vicissim,
481 1348 648 1383 omne
680 1331 890 1382 bonum
931 1331 1246 1397 concipitur
1277 1349 1351 1382 ex
1392 1331 1639 1382 Domino
1680 1342 1739 1383 ut
1780 1342 1956 1399 patre,
1994 1344 2050 1385 et

183 1412 431 1463 nascitur
452 1428 526 1461 ex
549 1409 657 1460 fide
679 1409 965 1460 salutifera
993 1411 1047 1459 in
1073 1409 1263 1476 Ipsum
1294 1418 1353 1460 ut
1384 1419 1580 1460 matre.
1641 1410 2050 1463 Generationes

182 1491 431 1542 omnium
464 1490 739 1540 bonorum
772 1489 826 1538 in
860 1487 1089 1539 infinitis
1118 1489 1228 1538 suis
1257 1489 1659 1539 variationibus
1688 1491 1834 1555 apud
1870 1491 2048 1541 homi-

182 1587 281 1621 nes
314 1586 428 1620 non
461 1576 591 1619 sunt
626 1569 728 1618 nisi
761 1585 927 1635 quam
957 1585 1030 1618 ex
1065 1567 1327 1634 conjugio
1363 1568 1590 1618 Domini
1624 1577 1680 1619 et
1723 1569 2047 1634 Ecclesiae;

181 1657 239 1701 et
279 1667 309 1700 e
349 1657 565 1708 contra,
602 1649 1000 1713 generationes
1034 1648 1283 1697 omnium
1318 1647 1592 1698 malorum
1632 1649 1686 1698 in
1727 1651 1837 1699 suis
1870 1652 2047 1700 varia-

180 1729 425 1780 tionibus
453 1727 600 1794 apud
628 1726 754 1776 illos
783 1742 896 1776 non
925 1734 1054 1777 sunt
1084 1727 1186 1777 nisi
1214 1743 1380 1793 quarn
1411 1744 1484 1777 ex
1514 1728 1795 1778 connubio
1826 1729 2048 1780 Diaboli

180 1823 307 1859 eum
353 1805 586 1873 profana
632 1805 1097 1871 congregatione.
1176 1803 1314 1870 Quis
1361 1822 1474 1855 non
1522 1807 1695 1866 novit,
1739 1816 1835 1858 aut
1882 1826 2047 1860 nosse

180 1893 390 1952 potest,
422 1884 571 1951 quod
612 1884 783 1934 homo
816 1901 848 1933 a
882 1883 1129 1934 Domino
1162 1885 1580 1950 regenerandus
1614 1887 1702 1946 sit,
1735 1887 1840 1936 hoc
1875 1896 1980 1948 est,
2018 1906 2046 1939 e

180 1981 330 2015 novo
362 1964 652 2023 creandu5‚
690 1971 748 2013 et
787 1962 936 2030 quod
970 1971 1243 2030 quantum
1276 1964 1382 2014 hoc
1424 1963 1485 2014 fit
1527 1972 1749 2015 tantum
1790 1968 1845 2016 in
1886 1968 2046 2018 bonis

181 2042 290 2093 sit?
366 2042 506 2092 Inde
535 2043 896 2108 consequitur
923 2041 1049 2103 hoe,
1080 2042 1230 2108 quod
1262 2042 1452 2103 homo,
1483 2052 1754 2109 quantum
1784 2062 1897 2095 non
1926 2046 2045 2097 vult

181 2138 211 2172 e
251 2137 401 2171 novo
440 2121 696 2186 generari
736 2137 834 2170 seu
873 2138 902 2171 e
943 2137 1092 2170 novo
1133 2122 1324 2182 creari,
1367 2129 1591 2172 tantum
1632 2123 1820 2174 trahat
1862 2133 1918 2175 et
1959 2143 2043 2176 re—

179 2200 359 2250 tineat
400 2198 549 2249 mala
588 2199 913 2266 parentibus
953 2200 1064 2249 suis
1103 2200 1287 2250 insita.
1368 2200 1494 2251 Hoc
1537 2209 1623 2252 est
1664 2204 1812 2269 quod
1845 2221 2043 2255 recon-

179 2278 357 2328 ditum
392 2277 534 2328 latet
567 2279 622 2328 in
656 2278 840 2328 Primo
874 2278 1184 2344 Praecepto
1219 2279 1525 2345 Decalogi:

200 2442 205 2446 ,
263 2402 293 2420 “
309 2400 405 2452 Ego
423 2432 432 2442 .
455 2431 464 2442 .
487 2433 496 2442 .
519 2432 528 2441 .
551 2401 672 2452 Deus
694 2401 871 2448 zelotes,
898 2402 1083 2441 visitans
1105 2402 1380 2453 iniquitatem
1404 2411 1577 2453 patrum
1599 2417 1731 2454 super
1760 2405 1887 2453 filios,
1913 2419 2046 2457 super

395 2457 569 2495 tertiam
592 2463 636 2495 et
666 2469 799 2506 super
819 2464 1019 2507 quartam
1041 2458 1377 2506 generationem
1400 2458 1501 2496 odio
1522 2459 1781 2498 habentium
1805 2461 1879 2500 Me
1898 2473 1906 2506 ;
1942 2462 2045 2501 faci-

395 2523 475 2550 ens
506 2518 653 2549 autem
685 2511 1032 2550 misericordiam
1071 2512 1115 2550 in
1147 2512 1354 2550 millenos
1385 2520 1589 2553 amantes
1627 2514 1716 2562 Me,
1751 2523 1794 2554 et
1828 2516 2043 2556 facientes

395 2573 631 2616 praecepta
653 2565 757 2604 Mea
770 2565 792 2580 ”
814 2565 967 2615 (Exod.
988 2579 1059 2606 xx,
1084 2576 1119 2614 5,
1140 2566 1190 2614 6;
1222 2567 1423 2606 Deutr.v.
1445 2580 1483 2618 9,
1509 2567 1586 2618 10).

275 2709 396 2775 36.
445 2708 547 2767 (vi.)
586 2707 774 2758 Sextus
809 2713 979 2759 status
1021 2709 1265 2759 hominum
1301 2711 1449 2777 hujus
1485 2712 1768 2771 Ecclesiae,
1807 2714 1896 2779 qui
1932 2715 2042 2774 fuir,

175 2787 293 2852 post
317 2783 542 2834 Ultimum
567 2783 836 2842 «Iudicium,
864 2784 1084 2835 Elevatio
1103 2785 1340 2835 fidelium
1362 2787 1431 2835 ad
1451 2787 1622 2845 Deum,
1644 2804 1712 2837 ex
1728 2789 1905 2854 quibus
1931 2790 2044 2840 fac-

180 2864 282 2909 tum
318 2863 403 2909 est
434 2873 608 2907 novum
644 2857 866 2917 Caelum,
893 2864 949 2909 et
981 2860 1206 2910 Remotio
1242 2861 1512 2910 [nfidelium
1551 2879 1581 2911 α
1619 2863 1739 2921 Deo,
1767 2880 1835 2913 ex
1868 2865 2044 2930 quibus

182 2937 374 2987 factum
400 2940 679 2986 asinorum
703 2935 1117 2987 infernum—In
1159 2939 1475 3003 praemissis
1509 2956 1672 3005 supra
1709 2939 1764 3006 (a
1797 2957 1847 2990 n.
1885 2955 1946 2991 10
1971 2943 2039 2992 ad

187 3031 263 3082 13,
299 3025 356 3067 et
390 3033 422 3066 a
455 3033 506 3065 n.
548 3030 609 3079 14
639 3016 709 3066 ad
750 3015 855 3083 17),
887 3017 1176 3068 evolutum
1211 3025 1296 3067 est
1331 3018 1479 3083 quod
1514 3027 1641 3084 post
1683 3036 2039 3070 consumma-

180 3095 393 3144 tionem
427 3112 591 3160 super
624 3112 821 3146 omnes
860 3098 951 3163 qui
991 3097 1210 3146 fuerunt
1244 3096 1315 3146 ab
1343 3098 1648 3162 unaquavis
1683 3098 1939 3148 Ecclesia
1967 3117 2039 3149 ex

179 3180 418 3239 quatuor
457 3175 946 3239 supranominati5‚
989 3173 1195 3225 factum
1237 3175 1307 3224 sit
1349 3174 1605 3224 ultimum
1657 3175 1940 3239 judicium,
1983 3186 2038 3227 et

181 3258 311 3317 post
356 3250 462 3301 hoc
505 3251 575 3301 ab
614 3251 721 3301 illis
763 3269 970 3302 novum
1012 3253 1228 3303 caelum
1270 3261 1327 3302 et
1376 3269 1581 3302 novum
1623 3254 1926 3316 infernum;
1983 3265 2039 3305 et

181 3329 256 3379 sic
298 3329 447 3395 quod
488 3330 541 3379 in
582 3330 686 3380 hac
729 3331 929 3381 tellure
970 3349 1133 3397 super
1173 3332 1521 3381 habitatores
1562 3331 1674 3396 ejus
1716 3334 2038 3383 exstiterint

180 3415 419 3473 quatuor
456 3407 678 3474 judicia,
721 3418 778 3460 et
825 3427 897 3460 ex
946 3410 1052 3460 illis
1099 3418 1338 3476 quatuor
1389 3410 1528 3460 caeli
1577 3419 1633 3460 et
1679 3411 1922 3473 inferna;
1983 3422 2038 3462 et

181 3485 377 3536 datum
410 3495 496 3537 est
530 3488 669 3538 scire
709 3489 857 3554 quod
898 3497 1015 3538 tarn
1050 3488 1188 3539 caeli
1222 3505 1387 3554 quam
1420 3488 1632 3538 inferna
1671 3488 1765 3538 illa
1804 3490 1949 3540 inter
1982 3508 2039 3541 se

181 3563 324 3614 adeo
357 3581 577 3630 prorsus
611 3575 913 3631 segregata
946 3568 1056 3617 sint
1098 3575 1156 3616 ut
1198 3567 1565 3632 nequicquam
1599 3566 1793 3632 aliquis
1827 3584 1899 3616 ex
1940 3585 2039 3617 suo

182 3642 359 3706 possit
393 3645 628 3694 transire
667 3645 721 3693 in
755 3644 999 3694 alterius.
1078 3643 1291 3694 Omnes
1332 3645 1385 3694 hi
1426 3644 1565 3694 caeli
1605 3645 1869 3710 descripti
1910 3655 2037 3696 sunt

183 3719 238 3768 in
271 3721 540 3786 opusculo
573 3721 642 3771 de
674 3721 882 3771 Amore
918 3713 1264 3789 Cons·ugiizlz‘‚·
1305 3730 1361 3772 et
1396 3723 1520 3788 quia
1554 3723 1853 3788 spiritualis
1882 3724 2038 3789 origo
