2496 4250
443 404 521 457 86·
675 457 681 464 ,
984 421 1066 463 DE
1107 422 1280 463 NOVA
1320 424 1776 466 HIEROSOLYMA

1102 606 1164 647 (nx
1186 615 1346 640 ARCANxs
1367 609 1634 652 mams‘rmus.)

440 675 584 754 ¹39·
626 690 702 732 De
725 691 1031 734 Conscientia.

523 787 670 845 Quod
703 790 786 846 qui
810 791 1162 835 conscientiam
1188 806 1287 835 non
1321 792 1519 844 habent,
1543 807 1643 837 non
1670 794 1826 838 sciant
1852 794 1970 852 quid
1999 794 2302 839 conscientia

459 862 503 891 n.
611 862 650 897 0,
710 861 782 890 121
817 883 825 892 .

439 849 503 1006 (‘t
525 850 807 963 7943οἀζίηέ
820 908 1019 964 quidam
1047 909 1129 966 qui
1154 909 1315 952 rident
1340 910 1402 952 ad
1425 910 1793 962 conscientiam,
1816 924 1927 955 cum
1951 911 2159 955 audiunt
2181 911 2299 969 quid

645 977 667 995 θ

439 978 479 1008 Sl
528 967 910 1080 gngdlssuidam
943 1026 1148 1069 credant
1174 1027 1307 1083 quod
1335 1026 1640 1070 conscientia
1661 1028 1783 1070 nihil
1817 1028 1908 1078 sit:
1943 1028 2143 1085 quidam
2167 1029 2300 1085 quod

437 1081 623 1137 aliquid
655 1082 796 1126 triste
824 1084 1134 1127 dolorificum
1168 1085 1404 1134 naturale,
1426 1085 1504 1129 vel
1537 1099 1597 1129 ex
1623 1087 1782 1130 causis
1816 1087 1863 1129 in
1891 1100 2109 1143 corpore,
2131 1087 2208 1130 vel
2241 1101 2302 1131 ex

437 1140 596 1183 causis
620 1140 668 1182 in
694 1143 904 1193 mund0;
937 1143 1138 1199 quidam
1172 1144 1305 1200 quod
1328 1144 1513 1200 aliquid
1540 1145 1671 1201 apud
1694 1146 1871 1202 vulgus
1897 1159 1957 1188 ex
1980 1146 2209 1203 religioso
2235 1147 2300 1200 (n.

497 1211 526 1240 0
552 1233 560 1241 .

437 1200 674 1373 191Βέ90οῗ
709 1259 909 1373 ᾳυίἓῗιη
945 1260 1165 1304 nesciant
1197 1261 1332 1317 quod
1359 1261 1714 1305 conscientiam
1741 1261 1968 1312 habeant,
1995 1275 2107 1306 cum
2134 1270 2300 1307 tamen

474 1329 501 1359 a
538 1325 621 1360 ent
667 1331 711 1361 n.
733 1329 786 1372 23
818 1331 847 1360 0
871 1352 881 1362 .

576 1417 674 1459 uod
698 1417 840 1460 bonis
862 1417 926 1460 sit
948 1418 1263 1468 conscientia,
1287 1432 1386 1462 non
1410 1426 1574 1462 autem
1599 1419 1739 1462 malis
1765 1420 1829 1474 (n.
1848 1419 1947 1474 831,
1970 1418 2069 1475 965,
2093 1420 2242 1475 7490).

576 1476 673 1518 uod
711 1476 1014 1519 conscientia
1052 1477 1146 1520 illis
1183 1478 1247 1520 sit
1284 1477 1367 1534 qui
1406 1477 1454 1519 in
1488 1491 1655 1521 amore
1694 1478 1742 1520 in
1781 1477 1953 1528 Deum,
1977 1486 2027 1522 et
2054 1477 2102 1520 in
2134 1491 2301 1522 amore

437 1546 555 1594 erga
582 1534 861 1589 proximum
888 1537 952 1590 (n.
979 1535 1109 1590 2380)

527 1590 673 1650 Quod
693 1594 995 1637 conscientia
1014 1594 1274 1651 praecipue
1292 1595 1355 1638 sit
1379 1594 1474 1638 illis
1496 1595 1578 1652 qui
1603 1608 1631 1638 a
1654 1594 1872 1638 Domino
1895 1593 2165 1652 regenerati
2185 1603 2302 1639 sunt

441 1652 505 1705 (n·
530 1653 650 1705 977)-

528 1708 675 1767 Quod
706 1710 800 1754 illis
826 1710 908 1767 qui
946 1711 992 1753 in
1027 1711 1145 1755 solis
1171 1712 1299 1755 veris
1333 1720 1460 1762 sunt,
1484 1720 1534 1756 et
1566 1725 1667 1756 non
1700 1712 1748 1755 in
1771 1712 1876 1756 vita
1905 1712 2177 1756 secundum
2205 1711 2300 1762 illa,

436 1769 742 1812 conscientia
764 1783 862 1812 non
886 1770 950 1813 sit
980 1772 1043 1824 (n.
1069 1771 1190 1823 1076,
1220 1781 1341 1823 1077,
1371 1772 1515 1826 1919).

526 1826 673 1884 Quod
695 1828 787 1871 illis
806 1828 888 1884 qui
907 1842 967 1871 ex
984 1830 1116 1871 bono
1135 1829 1343 1872 naturali
1362 1828 1550 1872 faciunt
1566 1829 1767 1880 bonurn,
1785 1837 1835 1874 et
1852 1843 1952 1873 non
1971 1843 2031 1874 ex
2048 1829 2300 1887 religione,

436 1886 741 1929 conscientia
762 1901 860 1930 non
885 1887 948 1930 sit
974 1889 1038 1942 (n.
1057 1887 1207 1941 6208).

518 1984 673 2043 >Quod
708 1986 771 2029 sit
804 1986 993 2029 homini
1027 1986 1332 2030 conscientia
1357 2000 1417 2030 ex
1450 2000 1566 2031 suae
1598 1986 1832 2031 ecclesiae
1868 1985 2106 2037 doctrina,
2128 1994 2214 2031 aut
2239 1999 2301 2031 ex

436 2045 682 2102 religioso,
705 2053 754 2088 et
777 2046 1047 2088 secundum
1073 2045 1119 2087 id
1149 2047 1213 2100 (n.
1238 2046 1390 2100 9112).

525 2102 671 2160 Quod
705 2104 1008 2147 conscientia
1049 2105 1178 2160 apud
1213 2104 1467 2148 hominem
1511 2103 1755 2148 formetur
1788 2118 1848 2147 ex
1886 2104 1981 2148 illis
2017 2117 2143 2161 quae
2184 2112 2303 2148 sunt

435 2162 542 2219 ejus
567 2162 829 2219 religionis,
853 2171 903 2206 et
924 2163 1080 2206 credit
1103 2176 1217 2206 vera
1239 2177 1345 2206 esse
1372 2165 1436 2219 (n.
1466 2173 1587 2216 1077,
1613 2173 1738 2218 2053,
1758 2163 1908 2218 9113).

524 2219 671 2278 Quod
705 2221 1008 2265 conscientia
1039 2221 1103 2265 sit
1126 2222 1378 2264 vinculum
1413 2222 1675 2271 internum,
1702 2235 1804 2278 quo
1834 2229 2033 2265 tenetur
2058 2220 2210 2264 homo
2236 2221 2299 2264 ad

434 2281 769 2337 cogitandum,
793 2281 1111 2336 loquendum,
1134 2288 1184 2323 et
1217 2279 1496 2324 faciendum
1532 2281 1741 2331 bonum;
1780 2288 1830 2324 et
1866 2294 1967 2337 quo
1998 2280 2248 2324 detinetur
2272 2293 2302 2323 a

433 2339 716 2395 cogitando,
740 2340 991 2395 loquendo
1014 2347 1063 2382 et
1095 2338 1321 2382 faciendo
1354 2339 1563 2388 malum:
1601 2347 1651 2382 et
1684 2339 1780 2382 hoc
1812 2353 1912 2382 non
1946 2347 2147 2395 propter
2167 2351 2218 2382 se
2250 2346 2301 2382 et

434 2398 690 2447 mundum,
706 2398 792 2441 sed
813 2406 1014 2453 propter
1029 2399 1229 2447 bonum,
1245 2411 1430 2448 verum,
1447 2399 1633 2454 justum
1651 2406 1700 2441 et
1718 2397 1903 2441 rec'tum
1926 2399 1990 2453 (n.
2010 2409 2132 2452 1919,
2148 2398 2296 2452 9120).

524 2455 670 2514 Quod
695 2457 998 2500 conscientia
1020 2456 1083 2500 sit
1107 2455 1353 2500 dictamen
1378 2457 1639 2506 internum,
1663 2457 1796 2514 quod
1826 2456 1894 2499 ita
1914 2456 1991 2499 vel
2015 2469 2115 2499 non
2143 2455 2211 2499 ita
2234 2455 2301 2500 sit

433 2514 712 2558 faciendum
741 2517 804 2570 (n.
829 2528 950 2570 1919,
982 2517 1124 2570 1935).

458 2568 464 2574 “
522 2573 669 2631 Quod
702 2574 1006 2618 conscientia
1037 2575 1102 2618 sit
1134 2573 1438 2618 conscientia
1458 2574 1559 2618 veri
1587 2582 1637 2617 et
1664 2572 1782 2617 recti
1811 2573 1859 2616 in
1882 2587 1971 2617 sua
1993 2572 2208 2617 essentia
2232 2574 2300 2629 (n.

433 2633 532 2688 986,
560 2633 709 2687 8081).
971 2662 983 2670 ,

522 2690 670 2749 Quod
709 2704 838 2735 nova
873 2692 1103 2735 voluntas
1144 2692 1274 2747 apud
1318 2691 1571 2735 hominem
1613 2690 1918 2748 spiritualem
1957 2697 2299 2748 regeneratum

433 2750 498 2805 sit
529 2750 836 2794 conscientia
870 2752 934 2806 (n.
962 2751 1091 2806 928[?
1119 2751 1238 2806 927],
1267 2761 1389 2806 1025,
1418 2762 1541 2806 1043,
1570 2762 1692 2804 1044,
1714 2762 1844 2805 4299,
1866 2749 1995 2804 4328,
2019 2761 2148 2804 4493,
2171 2758 2300 2804 9115,

435 2810 668 2926 9593u0d
691 2881 751 2911 ex
773 2867 1076 2911 conscientia
1097 2868 1161 2912 sit
1182 2868 1285 2911 vita
1307 2867 1575 2925 spiritualis
1598 2867 1789 2911 homini
1816 2868 1879 2923 (n.
1898 2867 2052 2922 9117).

521 2965 669 3024 Quod
693 2966 756 3010 sit
779 2967 1084 3011 conscientia
1106 2980 1237 3017 vera,
1260 2967 1567 3011 conscientia
1589 2967 1768 3024 spuria,
1785 2974 1834 3011 et
1856 2965 2160 3010 conscientia
2180 2963 2303 3010 falsa

437 3026 517 3082 (de
541 3025 735 3081 quibus,
760 3040 805 3069 n.
831 3028 975 3081 1033).

522 3083 669 3142 Quod
693 3085 998 3128 conscientia
1020 3098 1079 3128 eo
1103 3084 1259 3142 magis
1281 3098 1398 3129 vera
1420 3085 1497 3135 sit,
1521 3098 1621 3142 quo
1654 3098 1713 3128 ex
1735 3083 1863 3128 veris
1890 3083 2046 3141 magis
2072 3082 2302 3141 genuinis

433 3142 647 3186 formata
669 3151 743 3186 est
769 3144 834 3198 (n.
859 3154 984 3199 2053,
1010 3144 1135 3198 2063,
1161 3145 1312 3198 9114).

521 3200 668 3259 Quod
693 3202 997 3245 conscientia
1020 3202 1068 3245 in
1087 3216 1267 3259 genere
1290 3203 1354 3246 sit
1377 3203 1574 3259 duplex,
1594 3202 1798 3245 interior
1819 3209 1870 3245 et
1893 3200 2133 3250 exterior:
2166 3198 2300 3256 quod

432 3259 638 3303 interior
659 3260 724 3304 sit
746 3261 863 3304 boni
888 3261 1168 3317 spiritualis,
1192 3261 1325 3318 quod
1361 3261 1409 3303 in
1437 3275 1525 3304 sua
1547 3261 1762 3304 essentia
1784 3269 1860 3304 est
1881 3272 2070 3308 verum,
2093 3267 2143 3302 et
2165 3257 2300 3315 quod

431 3319 647 3362 exterior
669 3319 732 3362 sit
754 3319 871 3362 boni
897 3319 1094 3362 moralis
1117 3329 1166 3363 et
1188 3319 1361 3370 civilis,
1382 3321 1516 3377 quod
1540 3319 1589 3362 in
1613 3333 1701 3363 sua
1723 3318 1937 3362 essentia
1957 3325 2032 3361 est
2054 3317 2300 3361 sincerum

432 3386 482 3421 et
502 3378 704 3434 justum,
729 3378 777 3420 in
800 3391 978 3435 genere
1004 3377 1190 3421 rec‘tum
1217 3380 1281 3434 (n.
1306 3378 1463 3434 8042[?
1491 3388 1616 3434 5140,
1639 3378 1789 3432 6207],
1818 3377 1993 3431 10296).

521 3481 668 3540 Quod
707 3483 851 3526 dolor
882 3483 1215 3527 conscientiae
1249 3483 1312 3527 sit
1343 3483 1565 3527 anxietas
1604 3482 1796 3532 mentis,
1820 3489 2022 3538 propter
2045 3480 2301 3537 injustum,

433 3540 744 3591 insincerum,
772 3550 822 3585 et
854 3542 1189 3599 quodcunque
1223 3542 1419 3591 malum,
1450 3542 1583 3598 quod
1617 3541 1768 3585 homo
1800 3539 1957 3584 credit
1988 3552 2094 3583 esse
2127 3546 2303 3582 contra

434 3599 608 3650 Deum,
633 3609 682 3643 et
705 3609 877 3643 contra
899 3601 1084 3643 bonum
1110 3601 1322 3657 proximi
1349 3602 1413 3654 (n.
1433 3602 1584 3655 7217).
2253 3653 2262 3663 ⁸

522 3658 572 3701 Si
595 3659 793 3702 anxium
818 3659 1031 3704 sentitur
1067 3673 1178 3703 cum
1207 3660 1360 3703 homo
1383 3659 1570 3716 cogitat
1595 3658 1733 3710 male,
1756 3657 1889 3715 quod
1913 3670 1973 3702 ex
1994 3654 2298 3701 conscientia

432 3716 497 3760 sit
524 3718 587 3773 (n.
611 3719 763 3772 5470)-
