2496 4250
438 407 560 459 xlvi
811 421 1147 462 SAPIENTIA
1187 421 1514 463 ANGELICA
1554 424 1637 464 DE
1677 423 2002 478 CONJUGIO,

568 559 632 599 Ac
655 559 812 600 inducit
834 560 913 600 illis
937 567 1086 601 statum
1110 573 1264 601 novum
1289 567 1328 601 et
1350 562 1592 610 mirabilem,
1616 575 1764 616 nempe
1793 563 1960 615 plenum
1989 576 2127 604 amore
2148 570 2302 605 susten-

650 623 764 663 tandi
789 630 828 664 et
856 625 1013 664 tutandi
1043 638 1067 664 a
1096 637 1139 664 se
1167 631 1421 678 procreatam
1450 625 1635 666 subolem
1661 625 1721 682 (n.
1739 626 1854 678 1667,
1874 626 1975 667 1668
1999 632 2072 676 [De
2084 634 2169 667 Am.
2188 634 2303 675 Cous..

649 702 683 724 n.
702 686 812 742 392J).

565 784 688 836 Quod
709 798 831 833 omne
851 785 994 825 vivens
1014 791 1055 825 et
1074 785 1261 825 animans
1285 785 1451 838 recipiat
1471 786 1582 825 hunc
1602 792 1750 826 statum
1774 787 1816 826 in
1835 799 1878 826 se
1899 774 1990 839 post
2009 792 2194 840 partum;
2224 799 2302 827 nec

644 849 719 888 scit
739 849 850 901 quod
873 849 1027 898 influat,
1049 850 1144 903 quia
1167 862 1252 889 non
1275 850 1397 889 sentit
1419 849 1618 889 influxum
1645 849 1705 906 (n.
1724 850 1825 902 1669
1847 856 1919 899 [De
1938 857 2022 890 Am.
2044 856 2158 897 conj„
2175 867 2209 890 n.
2227 867 2301 899 391,

647 914 757 963 392])·

568 1007 693 1059 Quod
722 1008 894 1063 sphaera
913 1008 1033 1061 hujus
1064 1009 1210 1048 amoris
1235 1008 1383 1049 afficiat
1412 1021 1556 1048 sexum
1585 1008 1826 1049 femininum
1850 1009 1941 1062 plus
1965 1022 2089 1062 quam
2111 1009 2300 1050 masculi-

643 1084 755 1121 num,
776 1071 832 1111 ita
850 1078 998 1112 matres
1018 1072 1109 1125 plus
1130 1085 1253 1126 quam
1275 1079 1407 1125 patres
1431 1072 1490 1128 (n.
1507 1072 1622 1123 1670,
1643 1073 1735 1124 1671
1757 1078 1829 1121 [De
1843 1080 1927 1112 Am.
1953 1079 2068 1120 Conj„
2083 1090 2118 1113 n.
2133 1073 2243 1128 393])·

563 1166 687 1218 Quod
708 1166 854 1207 afficiat
874 1174 1006 1220 patres
1024 1174 1063 1208 et
1082 1147 1228 1208 matres
1245 1168 1367 1217 varie,
1385 1168 1607 1221 quemlibet
1622 1165 1850 1208 secundum
1866 1175 2014 1209 statum
2035 1169 2182 1210 mentis
2201 1182 2299 1210 suae

644 1230 704 1286 (n.
720 1230 953 1282 1672—1674
974 1237 1045 1280 [De
1058 1239 1143 1270 Am.
1166 1238 1280 1278 Conj.‚
1298 1249 1330 1270 n.
1350 1231 1549 1286 405-408])·

560 1326 684 1379 Quod
703 1327 849 1367 afficiat
870 1341 999 1380 aeque
1020 1327 1148 1367 malos
1171 1340 1218 1367 ac
1236 1327 1380 1376 bonos,
1403 1333 1441 1368 et
1461 1328 1650 1380 disponat
1670 1327 1982 1381 unumquemvis
2003 1327 2056 1368 ad
2076 1327 2297 1367 amandum

641 1397 680 1430 et
707 1390 921 1431 tutandum
950 1404 1066 1431 suam
1094 1391 1331 1443 progeniem
1362 1404 1413 1431 ex
1443 1392 1604 1444 propria
1632 1405 1706 1431 sua
1735 1391 1950 1432 affectione
1981 1393 2038 1445 (n.
2059 1391 2292 1444 1675—1677

642 1459 715 1501 [De
729 1461 814 1493 Am.
833 1461 948 1501 Conj.,
963 1472 998 1494 n.
1017 1455 1127 1508 392]).

557 1550 683 1602 Quod
710 1551 882 1603 sphaera
911 1552 1059 1591 amoris
1088 1552 1346 1591 innocentiae
1377 1559 1416 1592 et
1444 1553 1554 1604 pacis
1584 1552 1726 1592 influat
1754 1553 1796 1591 in
1826 1553 1982 1593 animos
2006 1559 2232 1606 parentum,
2257 1560 2298 1594 et

640 1627 802 1667 quoque
827 1614 869 1654 in
892 1614 1080 1663 infantes,
1102 1621 1140 1654 et
1155 1628 1212 1654 ·se
1237 1615 1457 1668 conjungat
1480 1616 1522 1654 in
1545 1616 1754 1668 utriusque
1778 1617 1981 1666 extremis,
2001 1616 2200 1670 imprimis
2223 1629 2298 1670 per

637 1676 794 1718 ta‘stum
819 1676 879 1734 (n.
898 1678 1012 1729 1678,
1035 1678 1135 1730 1679
1157 1684 1229 1726 [De
1242 1686 1326 1717 Am.
1346 1685 1460 1726 conj„
1477 1696 1510 1718 n.
1530 1678 1639 1734 396]).
2046 1679 2049 1681 ’

557 1773 682 1825 Quod
705 1773 748 1813 in
769 1786 818 1814 eo
837 1774 967 1826 gradu
989 1774 1032 1814 in
1056 1787 1138 1826 quo
1158 1774 1311 1814 recedit
1330 1775 1565 1814 innocentia
1587 1781 1626 1815 et
1645 1788 1727 1827 pax
1749 1776 1857 1827 apud
1882 1775 2070 1826 infantes,
2091 1777 2214 1817 etiam
2233 1789 2293 1817 re·

636 1835 795 1877 laxetur
812 1837 885 1877 illa
904 1837 1154 1890 conjunctio,
1175 1850 1247 1877 seu
1266 1838 1336 1877 ille
1356 1851 1470 1877 amor
1477 1853 1489 1887 ;
1521 1838 1632 1891 quod
1651 1839 1694 1879 fit
1714 1841 1940 1880 successive
1954 1853 2083 1893 usque
2105 1840 2158 1880 ad
2178 1853 2294 1894 sepa-

636 1900 837 1940 rationem
857 1902 913 1955 (n.
931 1900 1155 1950 1681—1684
1175 1907 1247 1949 [De
1261 1908 1347 1940 Am.
1366 1908 1480 1948 Conj.‚
1497 1918 1530 1940 n.
1546 1901 1657 1958 398]).

555 1997 680 2050 Quod
700 2003 825 2038 status
844 1998 1103 2038 innocentiae
1128 2003 1167 2038 et
1190 1998 1303 2050 pacis
1327 1998 1437 2050 apud
1460 1998 1636 2038 infantes
1657 1999 1707 2039 sit
1730 1998 1841 2051 quod
1863 1998 1966 2038 nihil
1990 1998 2120 2040 sciant
2138 2004 2178 2039 et
2199 2012 2291 2052 pos·

636 2061 717 2101 sint
735 2075 788 2101 ex
817 2075 861 2102 se
884 2062 958 2101 sed
982 2075 1033 2101 ex
1058 2062 1160 2110 aliis,
1184 2061 1383 2114 imprimis
1413 2074 1464 2100 ex
1485 2069 1598 2115 patre
1627 2069 1667 2102 et
1689 2069 1817 2102 matre
1830 2077 1842 2111 ;
1874 2068 1914 2102 et
1936 2062 2048 2115 quod
2071 2069 2197 2103 status
2220 2063 2290 2103 ille

634 2126 863 2165 successive
899 2126 1077 2174 recedat,
1107 2126 1211 2165 sicut
1250 2125 1384 2165 sciunt
1421 2132 1461 2166 et
1498 2133 1668 2178 possunt
1696 2139 1747 2166 ex
1777 2139 1821 2166 se
1860 2132 1900 2166 et
1927 2138 2012 2166 non
2041 2139 2092 2166 ex
2115 2126 2203 2167 aliis
2232 2128 2290 2180 (n.

635 2189 866 2241 1685-1689
887 2195 959 2238 [De
972 2196 1057 2228 Am.
1080 2196 1195 2236 conj„
1211 2206 1245 2228 n.
1264 2189 1369 2239 399]).

554 2295 677 2348 Quod
697 2294 869 2347 sphaera
889 2294 1036 2333 amoris
1056 2293 1256 2334 infantum
1277 2294 1319 2333 in
1341 2294 1519 2347 quadam
1539 2294 1640 2334 serie
1661 2307 1686 2334 a
1705 2294 1785 2334 fine
1805 2307 1879 2347 per
1898 2307 2039 2335 causas
2060 2293 2101 2333 in
2122 2293 2292 2336 effeetus

634 2358 926 2411 progrediatur,
947 2364 987 2397 et
1005 2356 1194 2410 periodos
1215 2357 1348 2406 faciat,
1368 2371 1442 2410 per
1453 2371 1553 2410 quas
1567 2364 1827 2398 conservatur
1846 2364 1886 2398 et
1906 2358 2162 2399 continuatur
2180 2371 2288 2399 crea-

572 2470 579 2477 ·
635 2423 693 2463 tio
712 2423 756 2461 in
775 2428 880 2462 statu
899 2421 1088 2474 praeviso
1108 2428 1147 2462 et
1165 2422 1327 2474 proviso
1351 2421 1409 2477 (n.
1427 2421 1657 2473 1690-1692
1679 2427 1751 2470 [De
1764 2429 1849 2460 Am.
1871 2429 1985 2470 Conj„
2001 2439 2035 2462 n.
2050 2424 2155 2476 400])·

554 2527 678 2580 Quod
703 2540 817 2567 amor
835 2533 967 2579 storge
989 2526 1212 2567 descendat
1235 2532 1276 2567 et
1297 2539 1383 2566 non
1403 2526 1622 2576 ascendat;
1655 2538 1801 2567 causae
1823 2526 1959 2580 plures
1982 2525 2041 2583 (n.
2058 2526 2288 2579 1693-1698

634 2595 707 2640 [De
720 2598 805 2630 Am.
827 2597 941 2637 conj„
958 2607 992 2629 n.
1010 2587 1122 2646 402]).

553 2697 619 2737 De
650 2694 938 2748 conjunctione
968 2695 1115 2735 amoris
1145 2694 1385 2748 conjugialis
1415 2706 1509 2734 cum
1538 2707 1676 2734 amore
1709 2693 1912 2734 infantum
1945 2706 2017 2734 seu
2050 2699 2186 2747 storge
2225 2693 2284 2748 (n.

634 2768 846 2811 1701—1717
868 2763 941 2809 [De
953 2766 1039 2799 Am.
1058 2765 1172 2806 Conj.‚
1188 2776 1222 2798 n.
1240 2757 1351 2814 404]).

553 2864 677 2917 Quod
704 2865 747 2904 in
776 2863 967 2916 legitimis
998 2863 1197 2917 conjugiis
1220 2862 1396 2903 infantes
1420 2869 1607 2903 amentur
1629 2861 1699 2915 qui
1729 2868 1822 2903 sunt
1849 2861 2020 2915 legitimi
2049 2868 2090 2903 et
2115 2861 2287 2903 heredes

636 2927 696 2983 (n.
713 2936 828 2979 1703,
850 2927 986 2983 1704).

554 3024 678 3077 Quod
698 3025 808 3077 apud
825 3025 1019 3077 conjuges
1036 3024 1106 3077 qui
1125 3037 1169 3064 se
1188 3029 1330 3063 mutuo
1346 3029 1495 3071 amant,
1514 3023 1783 3075 conjungatur
1802 3036 1915 3063 amor
1934 3022 2172 3076 conjugialis
2193 3034 2287 3063 cum

633 3101 771 3128 amore
791 3094 924 3140 storge
948 3100 1022 3140 per
1042 3100 1183 3128 causas
1206 3087 1434 3140 spirituales
1459 3094 1499 3126 et
1522 3087 1736 3126 rationales
1761 3094 1800 3126 et
1822 3087 1919 3127 inde
1943 3087 2161 3136 naturales,
2181 3099 2286 3141 quae

633 3152 743 3204 apud
764 3151 855 3191 illos
876 3165 901 3191 a
925 3152 1107 3191 Domino
1126 3157 1223 3192 sunt
1244 3150 1303 3206 (n.
1321 3159 1552 3202 1707-1709
1573 3155 1645 3198 [De
1658 3157 1743 3189 Am.
1762 3156 1876 3197 Conj„
1892 3167 1927 3190 n.
1944 3150 2055 3206 4041).

553 3248 677 3300 Quod
701 3260 815 3287 amor
833 3253 967 3299 storge
987 3247 1098 3300 apud
1120 3247 1197 3287 hos
1221 3246 1415 3299 conjuges
1439 3246 1490 3286 sit
1503 3259 1584 3299 -per
1605 3246 1794 3286 maritum
1817 3247 1927 3299 apud
1957 3259 2139 3296 uxorem,
2160 3259 2208 3287 ac
2226 3247 2284 3287 vi-

634 3312 768 3351 cissim
793 3325 818 3350 a
842 3311 1026 3351 Domino
1048 3324 1122 3363 per
1142 3323 1314 3350 uxorem
1337 3309 1448 3362 apud
1471 3310 1681 3358 maritum;
1714 3316 2008 3362 consequenter
2030 3310 2141 3363 quod
2164 3310 2284 3350 unius

635 3387 749 3414 amor
769 3388 862 3414 cum
887 3374 1067 3428 [amore]
1091 3374 1253 3414 alterius
1270 3373 1380 3426 apud
1399 3373 1571 3414 infantes
1588 3380 1627 3413 et
1645 3373 1793 3414 liberos
1813 3373 1936 3414 etiam
1955 3380 2096 3414 mutuo
2115 3381 2155 3415 et
2169 3374 2283 3415 vicis·

631 3439 708 3478 sim
730 3438 998 3491 conjungatur
1021 3438 1079 3491 (n.
1096 3446 1202 3489 1710,
1220 3437 1337 3492 1711).

553 3534 678 3586 Quod
697 3533 932 3586 conjunctio
953 3534 1127 3573 duorum
1147 3534 1311 3575 illorum
1332 3546 1516 3573 amorum
1537 3533 1647 3586 apud
1668 3534 1862 3587 conjuges
1882 3533 1951 3587 qui
1972 3546 2015 3574 se
2035 3540 2179 3574 mutuo
2198 3547 2280 3574 non

635 3604 786 3645 amant,
803 3597 963 3637 tametsi
983 3610 1068 3637 non
1089 3598 1208 3637 datur
1227 3611 1251 3636 a
1270 3596 1481 3650 superiori,
1496 3597 1688 3646 interiori,
1705 3604 1774 3637 aut
1794 3596 1930 3650 priori,
1946 3609 2075 3650 usque
2094 3596 2212 3637 detur
2230 3597 2282 3637 ab

635 3660 830 3710 inferiori,
853 3661 1055 3711 exteriori,
1075 3668 1143 3701 aut
1165 3661 1400 3714 posteriori;
1432 3661 1505 3700 sed
1527 3661 1638 3714 quod
1661 3662 1764 3701 haec
1785 3660 2021 3714 conjunctio
2039 3665 2087 3702 sit
2108 3661 2281 3711 inversa,

637 3731 676 3765 et
697 3725 791 3764 inde
814 3725 919 3765 levis
939 3731 980 3766 et
999 3738 1105 3777 vaga
1128 3724 1188 3767 (n.
1206 3734 1311 3776 1712,
1327 3733 1419 3776 1713
1441 3730 1512 3774 [De
1526 3732 1610 3763 Am.
1630 3731 1744 3771 conj..
1760 3741 1794 3763 n.
1813 3723 1923 3771 φεῖ).
