2496 4250
636 386 719 427 DE
759 385 886 427 DEO
926 386 1356 428 REDEMPTORE
1393 387 1536 442 JESU
1573 387 1867 431 CHRISTO.
2116 393 2187 447 29

421 541 470 594 9.
525 525 694 594 Quod
739 525 1060 594 conjunctio
1105 527 1409 595 spiritualis
1454 528 1700 581 hominis
1745 547 1872 582 curn
1919 531 2181 592 naturali,

668 613 726 658 et
755 606 1029 658 naturalis
1056 606 1299 659 hominis
1328 625 1454 660 cum
1483 609 1778 676 spirituali,
1803 609 1902 661 fiat
1931 627 2029 677 per
2056 618 2184 662 ten-

668 685 936 737 tationeS.

887 1002 1152 1056 CAPUT
1192 1001 1611 1056 OCTAVUM.

238 1194 241 1195 ν
315 1155 502 1225 QUOD
553 1167 706 1210 POST
757 1168 1067 1208 EXACTAM
1112 1167 1480 1209 UNITIONEM
1525 1170 1834 1210 REDIERIT
1886 1171 1954 1210 IN
2008 1159 2182 1211 D1v1-

525 1247 665 1289 NUM
705 1247 773 1287 IN
813 1247 941 1299 QUO
979 1247 1061 1287 AB
1100 1246 1406 1288 AETERNO
1444 1248 1609 1299 FUIT,
1644 1249 1778 1289 UNA
1816 1249 1947 1290 CUM
1987 1251 2066 1290 ET
2112 1251 2180 1290 IN

525 1326 958 1367 GLORIFICATO
999 1314 1308 1367 HUMANO.

425 1483 466 1521 1.
521 1467 691 1536 Quod
733 1469 990 1536 Jehovae
1043 1469 1170 1521 Deo
1225 1469 1298 1521 ab
1347 1477 1586 1522 aeterno
1637 1470 1800 1523 fuerit
1854 1471 2182 1524 Humanum

663 1548 829 1616 quale
861 1557 950 1600 est
983 1548 1204 1615 angelis
1236 1549 1291 1600 in
1325 1549 1516 1610 caeliS,
1547 1550 1648 1601 sed
1681 1552 1965 1602 essentiae
1998 1551 2182 1602 infini-

662 1634 778 1689 tae,
813 1628 894 1678 ita
927 1627 1234 1692 Divinum;
1282 1635 1341 1680 et
1373 1629 1525 1695 quod
1566 1629 1679 1696 Ipsi
1713 1646 1826 1680 non
1858 1629 2022 1682 fuerit
2058 1630 2180 1681 Hu-

663 1722 894 1757 manum
926 1705 1094 1773 quale
1127 1713 1215 1758 est
1248 1705 1569 1758 hominibus
1602 1709 1656 1758 in
1691 1709 1869 1759 terris,

417 1797 465 1836 2.
520 1782 690 1852 Quod
726 1785 986 1852 Jehovah
1033 1785 1190 1836 Deus
1236 1787 1604 1852 assumpserit
1647 1786 1974 1838 Humanum
2015 1788 2182 1856 quale

664 1872 752 1916 est
775 1865 1096 1916 hominibus
1117 1865 1174 1916 in
1196 1865 1377 1927 terriS,
1399 1866 1709 1917 secundum
1730 1867 1995 1918 Divinum
2019 1885 2180 1919 suum

664 1944 956 2007 ordinem;
1003 1944 1095 2011 qui
1136 1951 1243 2005 est,
1286 1951 1348 1995 ut
1388 1946 1800 2012 conciperetur,
1836 1955 2180 2008 nasceretur,

663 2022 1041 2084 adolesceret,
1095 2030 1154 2074 et
1207 2024 1527 2074 successive
1579 2024 1860 2076 imbueret
1917 2025 2182 2076 Divinam

662 2100 1014 2168 Sapientiam
1048 2109 1107 2152 et
1141 2101 1410 2152 Divinum
1444 2101 1738 2154 Amorem.

416 2194 463 2249 3.
519 2179 689 2248 Quod
735 2181 817 2232 ita
855 2181 1096 2232 univerit
1135 2180 1245 2232 hoc
1294 2180 1625 2231 Humanum
1665 2198 1794 2233 cum
1834 2181 2042 2235 Divino
2081 2199 2183 2234 suo

662 2259 734 2310 ab
767 2265 1027 2321 ‘aetern0,
1069 2267 1128 2310 et
1173 2259 1326 2326 quod
1377 2260 1454 2310 sic
1504 2261 1746 2312 exiverit
1793 2279 1868 2313 ex
1915 2260 2083 2313 Patre
2123 2270 2182 2313 et

660 2338 890 2390 redierit
923 2339 994 2390 ad
1028 2333 1273 2390 Patrem.

411 2432 462 2484 4.
517 2416 687 2485 Quod
725 2416 986 2484 Jehovah
1028 2418 1184 2468 Deus
1229 2418 1286 2468 in
1331 2417 1438 2469 hoc
1488 2417 1758 2470 Humano
1798 2426 1857 2470 et
1904 2437 2004 2486 per
2042 2419 2181 2470 illud

660 2497 980 2548 exercuerit
1003 2495 1304 2563 justitiam,
1329 2504 1387 2548 et
1416 2495 1488 2548 Se
1510 2497 1706 2548 fecerit
1730 2498 2180 2565 Redemptorem

661 2583 719 2627 et
754 2574 1133 2627 Salvatorem.

418 2666 462 2721 5.
515 2653 595 2706 Et
646 2654 799 2722 quod
845 2671 945 2721 per
989 2655 1305 2705 unitionem
1352 2653 1469 2720 ejus
1516 2671 1643 2705 cum
1695 2654 1904 2706 Divino
1955 2673 2056 2706 suo
2108 2654 2181 2707 Se

634 2733 855 2784 'fecerit
894 2732 1344 2800 Redemptorem
1384 2742 1442 2785 et
1483 2733 1845 2786 Salvatorem
1890 2736 1946 2785 in
1993 2743 2178 2786 aeter-

660 2830 811 2864 num.

412 2891 462 2944 6.
516 2890 684 2959 Quod
710 2891 970 2958 Jehovah
994 2892 1149 2944 Deus
1177 2909 1276 2960 per
1297 2892 1562 2943 unionem
1585 2891 1748 2958 hujus
1773 2892 2022 2943 Humani
2051 2908 2178 2943 cum

661 2971 869 3022 Divino
920 2989 1022 3022 suo
1073 2971 1419 3023 exaltaverit
1472 2972 1951 3038 omnipotentiam
1998 2988 2175 3031 suam,

588 3090 597 3098 .
660 3049 811 3117 quod
842 3049 1180 3116 intelligitur
1209 3068 1308 3117 per
1338 3050 1581 3101 “sedere
1614 3050 1687 3101 ad
1720 3049 1987 3100 dextram
2020 3049 2179 3100 Dei.”

414 3141 463 3196 7.
519 3126 688 3196 Quod
719 3128 978 3195 Jehovah
1013 3129 1167 3180 Deus
1199 3130 1255 3179 in
1294 3128 1402 3179 hoc
1440 3128 1708 3179 Humano
1741 3130 1814 3179 sit
1847 3145 2013 3194 supra
2044 3145 2174 3179 cae-

661 3206 765 3268 los,
800 3206 1125 3258 illuminans
1157 3208 1476 3258 universum
1511 3206 1719 3257 lumine
1751 3206 2081 3272 sapientiae,
2118 3214 2177 3258 et
2211 3239 2214 3242 ‹

661 3286 941 3352 inspirans
973 3287 1029 3337 in
1062 3287 1383 3337 universum
1416 3285 1686 3335 virtutem
1720 3285 1943 3341 amoris.

416 3365 462 3416 8.
517 3363 687 3431 Quod
726 3365 839 3416 duo
877 3365 975 3416 illa
1013 3366 1267 3431 gratuito
1306 3364 1589 3430 accipiant
1629 3363 1709 3413 illi
1748 3363 1839 3430 qui
1880 3362 2072 3429 Ipsum
2113 3371 2175 3414 ut

663 3443 971 3495 Hominem
995 3443 1227 3505 adeunt,
1252 3450 1311 3494 et
1334 3442 1640 3493 secundum
1664 3449 1970 3508 praecepta
1993 3441 2175 3509 Ipsius

664 3523 883 3573 vivunt.

414 3615 463 3667 9.
519 3598 687 3667 Quod
723 3599 982 3666 Jehovah
1029 3599 1183 3652 Deus
1230 3598 1383 3651 solus
1434 3599 1506 3650 sit
1551 3597 1752 3666 plenus
1794 3597 1986 3649 Homo
2025 3598 2173 3666 apud

661 3677 917 3745 angelos
