2496 4250
554 409 634 451 ΕΤ
673 407 812 464 EJUs
851 406 1180 450 Doc‘rmNA
1218 405 1675 448 CAELEST1.—N.
1704 395 1787 447 82.
2038 406 2103 462 59

324 550 471 611 Quod
487 562 627 595 amor
638 548 713 594 sui
733 556 783 593 et
805 561 944 592 arnor
955 547 1127 592 mundi
1145 547 1246 592 sint
1262 545 1552 592 destrud'tivi
1571 546 1823 591 societatis
1842 546 2102 597 humanae,

233 617 284 656 et
305 609 494 655 ordinis
515 607 740 653 caelestis
766 609 830 663 (n.
855 617 983 663 2045,
1009 607 1158 663 2057).

323 667 470 727 Quod
497 681 654 725 genus
681 666 952 709 humanum
980 674 1184 723 propter
1206 664 1315 709 illos
1337 677 1530 709 amores
1554 663 1752 708 iniverit
1775 663 2027 721 regimina,
2051 672 2103 708 et

232 739 287 774 se
307 725 609 784 subjecerint
633 724 865 782 imperiis,
884 732 939 767 ut
962 723 1059 767 tuti
1082 732 1248 768 essent
1269 726 1334 778 (n.
1358 723 1486 779 7364,
1511 723 1660 773 10160,
1690 723 1866 778 10814).

322 784 470 844 Quod
498 784 581 828 ubi
610 783 679 827 illi
705 796 899 827 amores
927 791 1148 840 regnant,
1172 783 1358 826 bonum
1386 781 1568 826 amoris
1594 790 1645 826 et
1670 783 1856 825 bonum
1886 779 1999 824 fidei
2023 780 2101 824 vel

234 842 531 901 rejiciantur,
548 842 627 886 vel
646 841 964 892 suffocentur,
982 841 1059 885 vel
1083 849 1430 899 pervertantur
1447 843 1511 896 (n.
1531 852 1659 894 2041,
1677 851 1805 896 7491,
1825 850 1953 896 7492,
1972 840 2100 896 7643,

232 901 360 958 8487.
388 911 542 969 Ι0455»
570 901 745 968 30743)-
829 958 838 968 .
1112 957 1121 967 .
1205 956 1213 965 .
1643 957 1652 966 .
1686 957 1695 966 .
1810 956 1818 966 .

320 959 468 1020 Quod
494 974 543 1003 1n
568 959 663 1004 illis
684 959 936 1003 amoribus
959 971 1060 1002 non
1083 966 1147 1002 sit
1167 966 1284 1009 vita,
1308 958 1394 1002 sed
1419 970 1553 1002 mors
1579 957 1848 1015 sp1r1tuahs
1884 958 1949 1013 (n.
1973 967 2100 1013 7494,

236 1019 594 1137 ¹0735'21uass24i113i
613 1089 806 1120 amores
828 1083 958 1127 sunt,
978 1075 1274 1119 describitur
1298 1077 1363 1130 (n.
1387 1084 1510 1131 1505,
1535 1086 1662 1130 2219,
1679 1074 1807 1131 2363,
1825 1074 1952 1131 2364,
1973 1085 2100 1129 2444,

229 1147 361 1192 4221,
382 1147 513 1190 4227,
534 1135 695 1191 4947[?
716 1135 865 1202 49481.
887 1147 1017 1191 4949»
1046 1145 1171 1191 5721.
1195 1133 1646 1201 7366-737728678)
1683 1191 1692 1201 ,
1813 1191 1822 1202 ,
2090 1191 2098 1200 ,

321 1194 469 1254 Quod
493 1194 655 1239 omnis
678 1195 924 1252 cupiditas
947 1202 997 1238 et
1019 1202 1423 1251 concupiscentm
1449 1201 1514 1236 sit
1538 1205 1720 1236 amor1s
1747 1206 1824 1237 sui
1852 1199 1902 1237 et
1929 1192 2101 1235 mund1

233 1254 300 1311 (n.
327 1253 451 1305 1668,
475 1253 626 1310 8910).

320 1369 469 1429 Quod
495 1383 690 1414 amores
716 1369 791 1414 sui
817 1377 870 1414 et
903 1368 1076 1413 mundi
1110 1368 1381 1414 inserviant
1407 1382 1496 1427 pro
1524 1368 1714 1420 mediis,
1741 1377 1791 1414 et
1822 1369 2102 1413 nullatenus

230 1442 321 1488 pro
343 1429 440 1474 fine
464 1430 530 1485 (n.
555 1439 683 1484 7377,
707 1429 835 1485 7819,
859 1429 1010 1484 7820).

320 1486 446 1533 Cum
475 1487 772 1532 reformatur
794 1488 960 1538 homo,
982 1487 1116 1544 quod
1146 1486 1457 1530 invertantur
1480 1486 1548 1530 illi
1574 1500 1782 1538 amores,
1805 1494 1861 1530 ut
1891 1486 1992 1531 sint
2014 1500 2103 1543 pro

168 1576 173 1583 ‹
224 1547 408 1591 mediis
430 1555 481 1591 et
503 1560 603 1590 non
631 1560 720 1604 pro
743 1546 854 1598 fine,
879 1546 948 1590 ita
973 1554 1029 1590 ut
1054 1546 1154 1590 sint
1180 1546 1310 1591 sicut
1335 1546 1535 1603 plantae
1563 1547 1745 1603 pedum
1772 1554 1822 1591 et
1848 1560 1948 1590 non
1976 1547 2103 1591 sicut

229 1614 380 1664 caput
404 1606 469 1662 (n.
493 1605 620 1662 8995,
639 1606 790 1661 9210).

320 1663 466 1723 Quod
487 1665 618 1722 apud
642 1664 752 1708 illos
775 1664 860 1721 qui
884 1664 933 1707 in
951 1663 1203 1708 amoribus
1225 1663 1300 1708 sui
1324 1671 1374 1707 et
1391 1663 1565 1708 mundi
1584 1671 1713 1714 sunt,
1732 1677 1832 1708 non
1853 1663 2101 1707 internum

230 1723 308 1774 sit,
327 1723 414 1768 sed
435 1732 695 1767 externum
720 1724 904 1781 absque
929 1723 1150 1774 interno;
1179 1722 1295 1780 quia
1316 1722 1566 1767 internum
1591 1730 1668 1767 est
1689 1723 1909 1767 clausum
1932 1737 2103 1767 versus

229 1782 435 1833 caelum,
454 1790 505 1826 at
527 1791 785 1826 externum
809 1790 1032 1839 apertum
1057 1795 1229 1826 versus
1248 1783 1489 1826 mundum
1512 1784 1577 1838 (n.
1598 1782 1752 1839 10396,
1774 1794 1927 1837 10400,
1950 1794 2102 1838 10409,

235 1840 615 1897 10412[?10411],
645 1853 798 1894 10422,
828 1841 1010 1897 10424[?
1039 1841 1235 1896 10429]).

319 1899 468 1959 Quod
495 1900 563 1943 illi
578 1900 663 1958 qui
687 1899 736 1943 in
754 1900 1006 1944 amoribus
1028 1899 1103 1944 sui
1127 1907 1177 1943 et
1200 1899 1372 1943 mundi
1395 1907 1524 1950 sunt,
1541 1913 1641 1944 non
1664 1899 1825 1944 sciant
1846 1900 1966 1958 quid
1989 1900 2104 1944 cha-

229 1957 364 2010 ritas,
387 1958 507 2017 quid
530 1959 848 2010 conscientia,
872 1967 922 2002 et
943 1959 1063 2016 quid
1086 1959 1190 2002 vita
1211 1959 1334 2003 caeli
1360 1961 1424 2014 (n.
1449 1960 1600 2015 7490).

321 2017 468 2077 Quod
507 2026 749 2075 quantum
788 2017 940 2061 homo
979 2017 1026 2060 in
1061 2031 1231 2061 amore
1268 2017 1344 2061 sui
1382 2026 1432 2062 et
1455 2017 1628 2061 mundi
1662 2026 1750 2068 est,
1777 2025 1973 2061 tantum
2002 2031 2102 2062 non

230 2076 437 2134 recipiat
459 2077 644 2120 bonum
669 2085 719 2120 et
735 2090 910 2120 verum
933 2076 1063 2127 fidei,
1081 2077 1215 2134 quod
1238 2090 1267 2121 a
1291 2076 1509 2121 Domino
1532 2076 1768 2122 continue
1790 2078 1922 2135 apud
1942 2077 2103 2122 homi-

230 2149 345 2181 nem
369 2135 530 2180 influit
555 2137 621 2192 (n.
644 2136 795 2193 7491).

321 2251 470 2313 Quod
504 2253 598 2298 illis
631 2253 715 2311 qui
750 2253 799 2297 in
832 2253 1083 2299 amoribus
1115 2254 1191 2298 sui
1224 2261 1275 2298 et
1307 2254 1480 2298 mundi
1514 2261 1644 2304 sunt,
1670 2254 1870 2298 vincula
1900 2262 2105 2299 externa

230 2311 345 2363 sint,
369 2313 454 2357 sed
489 2313 624 2357 nulla
655 2313 875 2364 interna;
918 2326 1070 2370 quare
1092 2313 1269 2358 ablatis
1292 2313 1509 2358 externis
1531 2322 1682 2358 ruunt
1706 2314 1755 2357 in
1788 2327 1936 2358 omne
1966 2313 2103 2358 nefas

234 2372 300 2428 (τι.
327 2371 482 2427 1744[?
501 2372 683 2439 ,10744]‚
712 2383 866 2440 10745t
894 2372 1069 2439 10746‚)·

322 2429 470 2489 Quod
499 2444 548 2473 m
575 2431 763 2475 mundo
795 2431 1037 2487 spirituah
1070 2444 1244 2475 omnes
1277 2444 1330 2475 se
1355 2439 1555 2475 vertant
1587 2431 1858 2476 secundum
1886 2444 2103 2482 amores:

231 2487 303 2533 illi
330 2489 415 2547 qui
442 2489 492 2533 in
514 2502 681 2534 amore
707 2490 754 2533 in
783 2489 1054 2534 Dominum
1079 2498 1128 2534 et
1156 2490 1204 2533 in
1232 2503 1398 2534 amore
1426 2504 1542 2548 erga
1574 2491 1853 2548 proximum
1888 2499 2016 2541 sunt,
2039 2491 2102 2534 ad

233 2546 532 2600 Dominum;
564 2557 615 2592 at
638 2549 707 2592 illi
729 2549 813 2606 qui
838 2549 887 2592 in
906 2563 1073 2593 amore
1096 2549 1170 2592 sui
1194 2558 1243 2594 et
1263 2549 1311 2593 in
1329 2563 1498 2594 amore
1521 2550 1707 2602 mundi,
1727 2558 1859 2594 retro
1881 2563 1911 2594 a
1930 2549 2103 2594 Domi-

231 2607 393 2710 11081.
422 2619 574 2663 10130,
603 2608 756 2664 10189,
785 2620 937 2662 10420,
967 2609 1142 2662 10742).

365 2665 497 2710 ultus
521 2666 569 2709 in
593 2679 693 2724 quo
715 2680 854 2711 arnor
876 2667 964 2718 sui,
988 2667 1146 2724 qualis
1173 2668 1238 2722 (n.
1266 2679 1389 2724 1304,
1418 2667 1690 2723 1306—1308,
1719 2679 1842 2723 1321,
1871 2667 2017 2723 1322).

323 2723 472 2784 Quod
513 2724 758 2770 Dominus
801 2734 939 2784 regat
982 2727 1223 2769 mundum
1269 2740 1355 2783 per
1392 2727 1562 2777 malos,
1601 2727 1831 2770 ducendo
1870 2727 1978 2770 illos
2016 2739 2103 2783 per

164 2788 172 2803 ‘
232 2795 426 2828 amores
449 2784 687 2842 proprios,
710 2784 795 2842 qui
822 2798 875 2829 se
909 2784 1129 2829 referunt
1154 2785 1216 2828 ad
1243 2798 1462 2829 amorem
1497 2786 1572 2830 sui
1600 2794 1650 2830 et
1675 2799 1894 2829 amorem
1928 2785 2101 2828 mundi

224 2843 301 2930 (η’
321 2841 648 2960 ἓξοιὶἱὸἒὲἐὲέ
675 2902 789 2946 mali
813 2915 961 2959 quam
984 2902 1102 2946 boni
1127 2902 1320 2959 possint
1342 2901 1622 2948 funftiones
1648 2902 1800 2954 obire,
1822 2916 1879 2946 ac
1901 2916 2019 2946 usus
2051 2910 2103 2946 et

232 2958 365 3004 bona
393 2968 654 3017 praestare,
677 2961 794 3018 quia
816 2959 1040 3018 spectant
1073 2961 1287 3005 honores
1320 2969 1371 3006 et
1404 2962 1539 3006 lucra
1564 2970 1620 3005 ut
1646 2962 1875 3019 praemia,
1899 2969 2103 3019 propter

232 3031 360 3077 quae
381 3018 609 3063 similiter
631 3019 679 3062 in
703 3028 906 3064 externa
928 3019 1087 3064 forma
1108 3020 1296 3064 faciunt
1320 3021 1386 3077 (n.
1409 3020 1539 3075 6481,
1562 3021 1714 3077 6495).

323 3133 494 3194 (Quod
517 3149 692 3180 omnes
713 3136 798 3194 qui
827 3136 875 3180 in
903 3135 1106 3181 infernis
1130 3145 1258 3187 sunt,
1284 3137 1332 3180 in
1361 3137 1501 3181 malis
1528 3146 1577 3181 et
1605 3137 1718 3181 inde
1746 3136 1881 3182 falsis
1908 3137 2009 3181 sint
2040 3150 2102 3182 ex

232 3194 484 3240 amoribus
506 3195 581 3240 sui
604 3203 654 3240 et
672 3196 858 3247 mundi,
878 3195 927 3239 in
950 3209 1099 3254 opere
1120 3197 1196 3240 De
1214 3197 1350 3241 Caelo
1370 3201 1415 3240 et
1433 3197 1649 3255 Inferna,
1669 3210 1714 3241 n.
1736 3207 1848 3253 551-
1854 3196 1906 3252 56
1912 3199 1968 3252 5.)

233 3354 334 3403 82·
374 3355 451 3400 De
467 3355 927 3460 grquzssffHozzf'rztk
948 3361 1018 3411 (de
1035 3373 1117 3411 quo
1139 3373 1260 3410 supra
1276 3360 1317 3398 in
1336 3361 1543 3407 Boetrina,
1562 3373 1604 3402 n.
1622 3360 1704 3411 70),
1718 3357 1847 3414 quod
1860 3359 1927 3401 sit
1946 3357 2101 3408 Amor

504 3429 556 3458 uz
578 3430 602 3459 e
707 3429 771 3459 un
808 3431 841 3462 z.

319 3523 466 3584 Quod
494 3525 712 3572 hominis
744 3527 998 3585 proprium
1030 3542 1131 3573 non
1159 3528 1223 3573 sit
1260 3527 1354 3573 nisi
1386 3541 1532 3585 quarn
1571 3527 1780 3572 densum
1816 3527 1997 3572 malum
2029 3529 2095 3584 (n.

230 3595 328 3634 210,
354 3594 451 3640 215,
478 3594 577 3641 731,
611 3586 826 3640 874—876,
860 3587 959 3643 987,
988 3597 1111 3642 1047,
1147 3597 1274 3643 2307,
1308 3586 1465 3643 2318[?
1490 3587 1637 3643 2308],
1661 3587 1789 3643 3518,
1813 3597 1941 3643 3701,
1965 3587 2094 3644 3812,

230 3641 358 3698 8480,
382 3642 509 3699 8550,
537 3644 690 3700 10283,
719 3645 870 3699 10284,
899 3646 1052 3696 10286,
1082 3647 1257 3702 10731).

318 3699 466 3760 Quod
489 3701 706 3758 hominis
730 3704 983 3761 proprium
1007 3704 1073 3749 sit
1095 3705 1202 3762 ejus
1223 3703 1560 3749 voluntarium
1587 3705 1654 3762 (n.
1674 3703 1828 3762 4328).
