2496 4250
438 415 507 481 96
971 427 1055 467 DE
1093 425 1266 467 NoVA
1306 426 1759 468 HIERosoLvMA

526 565 673 623 Quod
699 566 747 608 in
765 565 931 610 Verbo
951 567 1148 623 “justus
1164 566 1189 581 '’
1208 566 1401 610 dicatur
1417 567 1495 610 cui
1519 567 1765 611 addicitur
1784 567 1975 624 justitia
1993 575 2041 611 et
2065 568 2292 612 meritum

439 623 732 736 DoqminibeJ
758 625 891 681 quod
921 631 944 647 “
960 625 1171 681 injustus
1186 625 1209 639 '’
1236 625 1314 668 cui
1339 625 1531 682 justitia
1557 626 1754 683 propria
1779 635 1828 670 et
1861 627 2090 670 meritum
2118 627 2194 671 sui
2229 630 2295 682 (n.

440 692 461 738 5
526 695 801 798 {ssssgn'ffil
827 741 988 797 justus
1020 755 1049 784 a
1082 741 1312 791 Domino,
1337 741 1571 786 continue
1602 743 1762 799 justus
1790 743 1881 786 erit
1908 743 1969 786 ab
2004 741 2141 799 Ipso;
2181 757 2293 786 nam

435 799 627 912 jusgt6i]t)ia
650 813 890 856 nusquam
915 799 970 842 fit
993 800 1191 856 propria
1213 799 1441 851 hominis,
1460 801 1546 844 sed
1569 802 1802 845 continue
1828 801 2029 844 Domini
2050 803 2115 857 (n.
2136 801 2293 858 3648[?

435 869 493 913 94
525 891 671 973 Quod
704 915 787 972 qui
821 917 1028 959 credunt
1058 916 1467 973 ‘justificationem
1502 916 1551 960 in
1590 917 1808 968 ecclesia,
1842 931 2011 975 parum
2043 917 2203 962 sciant
2234 917 2295 962 de

436 974 806 1031 regeneratione
832 978 896 1030 (n.
924 975 1072 1030 5398).

525 1085 669 1144 Quod
695 1086 847 1129 homo
870 1094 1063 1129 tantum
1087 1087 1258 1143 sapiat,
1281 1095 1519 1144 quantum
1547 1088 1732 1131 addicit
1755 1088 1922 1132 omnia
1946 1089 2077 1132 bona
2107 1095 2159 1132 et
2179 1101 2296 1133 vera

437 1143 669 1195 Domino,
693 1153 743 1187 et
767 1159 865 1188 non
890 1145 980 1188 sibi
1008 1147 1072 1200 (n.
1102 1147 1275 1200 10227).

525 1203 653 1260 Quia
675 1217 820 1247 omne
839 1204 1022 1247 bonurn
1048 1212 1097 1247 et
1118 1218 1302 1254 verum,
1321 1205 1454 1261 quod
1478 1213 1553 1248 est
1570 1205 1753 1248 bonum
1777 1213 1826 1248 et
1842 1218 2026 1255 verum,
2045 1213 2119 1248 est
2141 1218 2170 1248 a
2193 1204 2295 1250 Do-

436 1261 584 1311 mino,
604 1270 653 1305 et
677 1262 797 1304 nihil
821 1263 881 1305 ab
900 1262 1127 1313 homine;
1160 1271 1210 1306 et
1232 1263 1348 1319 quia
1369 1264 1553 1306 bonum
1577 1264 1637 1306 ab
1661 1263 1860 1306 homine
1879 1277 1977 1306 non
2002 1271 2075 1307 est
2093 1264 2294 1314 bonum,

434 1321 568 1376 quod
594 1320 706 1363 inde
729 1329 963 1376 sequatur
985 1321 1118 1377 quod
1138 1322 1257 1364 nulli
1282 1321 1470 1364 homini
1495 1322 1738 1371 meritum,
1759 1322 1844 1365 sed
1867 1322 1958 1365 soli
1984 1321 2199 1366 Domino
2228 1323 2293 1379 (n.

435 1389 562 1434 9975,
587 1379 715 1446 99812
739 1380 907 1446 9988),
1815 1438 1823 1446 ,
2023 1438 2031 1447 ,

525 1436 672 1495 Quod
698 1438 766 1480 1111
789 1452 871 1494 qul
897 1445 1081 1481 intrant
1103 1438 1305 1488 caelum,
1330 1446 1511 1481 exuant
1534 1452 1681 1482 omne
1704 1446 1935 1481 mentum
1960 1452 2033 1482 sui
2060 1439 2124 1494 (n.
2141 1440 2293 1493 4007).

527 1496 588 1539 Et
611 1497 743 1552 quod
769 1510 867 1539 non
891 1497 1114 1553 cogitent
1136 1497 1196 1540 de
1221 1497 1618 1540 remuneratione
1642 1505 1844 1554 propter
1864 1497 1994 1541 bona
2015 1510 2140 1554 quae
2167 1496 2294 1541 fece-

436 1563 552 1597 runt
578 1557 641 1610 (n.
660 1555 787 1607 6478,
813 1556 962 1610 9174).
1220 1603 1228 1607 ,

524 1612 669 1670 Quod
698 1614 781 1669 qui
809 1613 1034 1670 cogitant
1060 1627 1120 1657 ex
1148 1613 1338 1663 merito,
1363 1621 1556 1656 tantum
1581 1627 1680 1657 non
1707 1621 1978 1671 agnoscant
1999 1613 2167 1658 omnia
2187 1626 2294 1658 esse

436 1671 798 1715 misericordiae
825 1674 888 1728 (n.
913 1672 1040 1725 6478,
1064 1673 1214 1727 9174).

526 1730 672 1787 Quod
708 1730 775 1772 illi
799 1731 882 1786 qui
915 1730 1136 1787 cogitant
1169 1745 1228 1774 ex
1251 1732 1440 1780 merito,
1464 1731 1685 1787 cogitent
1711 1731 1771 1773 de
1806 1731 2031 1774 mercede
2053 1738 2102 1774 et
2134 1743 2294 1773 remu-

436 1789 715 1840 neratione;
758 1803 908 1845 quare
939 1790 1065 1845 velle
1099 1789 1271 1832 mereri
1306 1798 1380 1832 est
1411 1789 1537 1832 velle
1570 1789 1865 1832 remunerari
1905 1791 1970 1845 (n.
2006 1789 2130 1845 5660,
2163 1789 2292 1844 6392,

435 1859 463 1903 9
525 1905 670 1963 Quod
691 1906 813 1949 tales
836 1906 1023 1949 caelum
1050 1905 1098 1948 in
1121 1919 1172 1949 se
1197 1919 1295 1948 non
1320 1906 1535 1962 recipere
1553 1905 1744 1962 possint
1765 1907 1829 1961 (n.
1854 1905 1976 1961 1835,
1996 1905 2123 1958 8478,
2141 1906 2292 1961 9977).

525 1964 675 2021 Quod
712 1964 918 2007 felicitas
960 1964 1184 2008 caelestis
1219 1964 1458 2007 consistat
1491 1964 1539 2006 in
1574 1962 1835 2007 affeffione
1867 1963 2076 2008 faciendi
2107 1965 2292 2008 bonum

434 2023 618 2078 absque
642 2022 738 2066 fine
762 2023 1170 2066 remunerationis
1196 2024 1260 2077 (n.
1279 2023 1407 2077 6388,
1432 2022 1559 2075 6478,
1583 2033 1710 2078 9174,
1734 2023 1884 2078 9984).

525 2080 671 2138 Quod
698 2081 746 2124 in
769 2083 922 2124 altera
943 2081 1046 2124 vita
1068 2090 1306 2137 quantum
1331 2081 1440 2137 quis
1462 2082 1646 2124 bonum
1671 2081 1787 2124 facit
1808 2082 1991 2137 absque
2014 2080 2110 2124 fine
2132 2094 2291 2124 remu-

435 2140 717 2190 nerationis,
735 2148 929 2182 tantum
955 2139 1127 2182 influat
1151 2141 1347 2183 beatum
1370 2153 1481 2182 cum
1505 2148 1774 2197 augmento
1791 2153 1820 2182 a
1844 2139 2073 2190 Domino,
2087 2147 2138 2183 et
2159 2139 2292 2195 quod

437 2198 486 2240 id
510 2199 678 2242 statim
704 2198 969 2255 dissipetur
990 2212 1102 2242 cum
1125 2198 1370 2256 cogitatur
1392 2198 1453 2242 de
1476 2198 1869 2242 remuneratione
1895 2199 1958 2252 (n.
1976 2197 2104 2252 6478,
2127 2198 2278 2254 9174).

525 2316 672 2375 Quod
705 2318 891 2361 bonum
925 2317 1203 2360 faciendum
1231 2317 1295 2361 sit
1321 2318 1505 2374 absque
1528 2317 1623 2361 fine
1646 2317 2053 2361 remunerationis
2077 2318 2142 2371 (n.
2164 2316 2293 2373 6392,

434 2376 573 2430 6478;
606 2377 916 2426 illustratum,
942 2390 986 2419 n.
1013 2376 1161 2431 9981).

524 2434 671 2492 Quod
694 2435 909 2492 genuina
926 2435 1138 2478 charitas
1160 2434 1223 2477 sit
1246 2435 1430 2490 absque
1448 2434 1581 2477 omni
1606 2434 1859 2477 meritorio
1880 2435 1944 2490 (n.
1969 2433 2126 2489 234o[?
2144 2434 2292 2490 2343],

436 2493 592 2549 2373[?
612 2494 758 2548 2371],
779 2505 905 2546 2400,
927 2493 1053 2548 3887,
1070 2493 1350 2548 6388-6393)
1372 2506 1380 2535 :
1408 2492 1523 2548 quia
1539 2501 1612 2536 est
1630 2506 1690 2535 ex
1708 2505 1887 2542 amore,
1907 2492 1974 2536 ita
1995 2506 2054 2536 ex
2074 2493 2293 2549 jucundo

434 2552 647 2596 faciendi
671 2553 855 2595 bonum
887 2554 951 2606 (n.
977 2552 1102 2607 3816,
1127 2551 1253 2606 3887,
1277 2551 1405 2606 6388,
1429 2551 1556 2604 6478,
1580 2561 1707 2606 9174,
1735 2551 1884 2606 9984).

524 2610 671 2668 Quod
691 2625 776 2667 per
794 2618 817 2633 ‘⁴
835 2611 1111 2654 mercedem
1129 2610 1152 2624 ''
1173 2610 1221 2652 in
1239 2609 1403 2653 Verbo
1423 2609 1722 2666 intelligatur
1738 2609 2009 2666 jucundum
2027 2617 2077 2653 et
2093 2609 2290 2652 beatum

436 2669 482 2712 in
508 2668 867 2712 benefaciendo
893 2669 1000 2712 aliis
1026 2669 1209 2725 absque
1237 2667 1332 2711 fine
1367 2668 1619 2717 mercedis,
1642 2676 1692 2711 et
1717 2667 1851 2724 quod
1877 2667 1923 2710 id
1946 2668 2217 2724 jucundum
2243 2673 2292 2711 e't

434 2729 633 2771 beatum
667 2728 882 2771 sentiant
914 2736 964 2771 et
998 2727 1270 2784 percipiant
1303 2726 1370 2769 illi
1397 2726 1480 2783 qui
1509 2726 1557 2769 in
1583 2726 1797 2783 genuina
1821 2726 2060 2770 charitate
2086 2734 2203 2770 sunt
2228 2730 2292 2781 (n.

438 2787 565 2842 3816,
590 2787 716 2842 3956,
741 2787 892 2841 6388).

526 2896 673 2955 Quod
707 2897 774 2940 illi
808 2897 890 2953 qui
923 2898 1109 2940 bonum
1143 2895 1330 2940 faciunt
1356 2895 1595 2939 mercedis
1620 2908 1779 2945 causa,
1806 2903 1961 2939 semet
1986 2903 2166 2946 ament,
2194 2908 2292 2940 non

435 2956 712 3013 proxi‘mum
740 2958 804 3011 (n.
824 2956 950 3005 8002,
974 2957 1124 3010 9210).

524 3013 671 3072 Quod
699 3014 747 3056 in
772 3014 937 3057 Verbo
965 3028 1051 3070 per
1074 3021 1096 3035 “
1114 3012 1439 3056 mercenarios
1454 3012 1478 3027 ’⁹
1502 3012 1550 3054 in
1578 3026 1725 3055 sensu
1749 3012 1989 3069 spirituali
2017 3011 2294 3070 intelligan-

433 3081 515 3116 tur
537 3073 619 3128 qui
643 3074 827 3116 bonum
853 3072 1036 3115 faciunt
1059 3080 1259 3128 propter
1281 3071 1554 3114 mercedem
1582 3073 1646 3126 (n.
1671 3071 1819 3125 8002).

526 3130 669 3188 [¹]Qui
703 3132 887 3174 bonum
916 3130 1101 3173 faciunt
1135 3129 1542 3173 remunerationis
1576 3142 1734 3179 causa,
1762 3129 1895 3186 quod
1930 3129 1978 3173 in
2011 3129 2163 3173 altera
2193 3129 2295 3173 vita

433 3190 589 3234 velint
612 3189 796 3239 serviri,
820 3198 869 3232 et
893 3203 1132 3245 nusquam
1157 3188 1379 3231 contenti
1403 3188 1501 3231 sint
1530 3189 1594 3243 (n.
1617 3188 1767 3242 6393).

524 3247 671 3306 Quod
705 3256 1027 3291 contemnant
1055 3247 1345 3303 proximum,
1373 3254 1423 3290 et
1457 3246 1728 3289 irascantur
1762 3245 1858 3303 Ipsi
1895 3245 2125 3296 Domino,
2158 3246 2291 3303 quod

434 3321 534 3350 non
560 3307 835 3350 mercedem
861 3306 1110 3362 recipiant,
1135 3306 1354 3348 dicentes
1377 3305 1509 3362 quod
1534 3305 1802 3348 meruerint
1827 3307 1890 3356 (n.
1914 3305 2063 3360 9976).

517 3365 622 3432 ‘Qui
647 3366 776 3420 apud
805 3379 856 3408 se
883 3364 1029 3407 fidem
1057 3372 1407 3420 separaverunt
1439 3376 1467 3406 a
1498 3363 1750 3412 charitate,
1778 3363 1911 3419 quod
1937 3363 1984 3405 in
2016 3363 2171 3406 altera
2190 3362 2294 3406 vita
2336 3395 2341 3399 -

434 3423 616 3467 faclant
635 3423 796 3472 fidem,
817 3432 866 3466 et
884 3436 1079 3479 quoque
1103 3423 1231 3465 bona
1249 3435 1409 3478 opera,
1433 3435 1558 3477 quae
1583 3421 1630 3463 in
1654 3430 1856 3465 externa
1877 3421 2034 3464 forma
2056 3420 2291 3471 fecerunt,

437 3483 504 3526 ita
527 3491 727 3538 propter
749 3496 813 3531 se,
839 3481 1087 3524 meritoria
1112 3485 1176 3535 (n.
1202 3479 1357 3535 2373[?
1382 3481 1549 3534 2371]).
1653 3531 1658 3534 q

524 3540 706 3598 Quales
730 3553 875 3596 porro
899 3547 1013 3582 sunt
1038 3539 1085 3581 in
1109 3539 1262 3582 altera
1275 3538 1389 3587 vita,
1409 3537 1491 3594 qui
1517 3538 1744 3581 meritum
1769 3546 2038 3594 posuerunt
2061 3538 2109 3580 in
2132 3537 2292 3595 operi-

435 3599 524 3642 bus
551 3601 614 3653 (n.
638 3610 735 3653 942,
767 3609 887 3651 1774,
918 3598 1039 3650 1877,
1066 3599 1213 3650 2027).

525 3656 669 3714 Quod
707 3657 771 3699 ibi
805 3657 904 3699 sint
933 3657 979 3698 in
1007 3665 1138 3699 terra
1171 3654 1412 3702 inferiore,
1436 3662 1485 3697 et
1507 3654 1597 3697 sibi
1626 3662 1893 3710 appareant
1915 3653 2101 3711 lignum
2125 3666 2288 3697 secare

438 3719 502 3769 (n.
537 3728 660 3765 1110,
693 3727 820 3771 4943,
856 3715 1016 3768 8740):
1054 3728 1113 3757 ex
1145 3726 1291 3757 causa
1321 3713 1435 3770 quia
1468 3719 1491 3734 ‘⁶
1509 3713 1696 3769 lignum
1714 3712 1737 3727 ''
1771 3713 1819 3755 in
1852 3713 2013 3769 specie
2045 3711 2289 3770 significat
