2566 4256
823 1139 1367 1182 PRAEFATIUNCULA
1424 1139 1720 1186 EDITORIS.

444 1318 497 1359 In
514 1317 596 1359 hoc
615 1318 826 1372 opusculo,
845 1332 931 1359 non
953 1319 1071 1360 aliter
1085 1332 1208 1373 quam
1229 1319 1272 1359 in
1288 1319 1468 1359 editione
1484 1331 1655 1372 operum
1674 1318 1848 1358 aliorum
1867 1323 2017 1368 nostra,
2028 1318 2207 1372 grandes

331 1402 486 1444 litteras
503 1402 664 1456 parcius
683 1403 980 1456 usurpavimus.
1037 1404 1269 1444 Verborum
1292 1404 1462 1456 quidem
1484 1401 1837 1456 interpunctiones
1861 1402 1917 1443 ad
1940 1409 2093 1444 certam
2113 1416 2207 1443 nor-

331 1499 444 1528 mam
461 1487 646 1540 redigere
666 1488 814 1538 conati,
830 1501 916 1528 non
933 1489 1180 1529 mutavimus
1194 1490 1264 1529 ubi
1283 1489 1511 1542 periculum
1531 1501 1584 1529 ne
1603 1489 1829 1529 sententiae
1849 1496 2206 1531 summutarentur.

332 1571 547 1624 Quaerens
568 1573 778 1626 quomodo
800 1573 985 1625 singulae
1008 1573 1165 1613 litterae
1188 1573 1433 1626 singulaque
1455 1571 1796 1626 interpunctionis
1817 1572 1936 1627 signa
1958 1573 2011 1613 ab
2039 1571 2207 1615 auetore

330 1655 480 1709 scripta
498 1656 590 1706 sint,
610 1656 832 1696 editionem
851 1656 1077 1710 principem
1096 1663 1378 1710 perscrutetur.

446 1741 648 1781 Contenta
667 1740 789 1794 hujus
812 1740 1012 1794 opusculi,
1032 1754 1083 1780 ex
1102 1741 1356 1794 autographo
1376 1739 1566 1790 auctoris,
1583 1752 1693 1780 nunc
1711 1739 1890 1793 primum
1909 1740 2072 1782 dantur.

442 1825 701 1878 Epistolium,
722 1832 854 1866 errata
871 1825 1167 1879 typographica
1187 1826 1425 1879 designans,
1442 1826 1554 1879 quod
1574 1824 1718 1866 auctor
1735 1825 1791 1865 ad
1809 1826 2064 1878 vulgatorem
2083 1825 2206 1865 libro-

330 1921 422 1949 rum
439 1922 606 1950 suorum
625 1910 804 1964 Anglice
823 1911 994 1964 scn'psit‚
1015 1924 1066 1951 ex
1086 1900 1326 1965 apographo
1349 1910 1794 1964 photolithographico‚
1813 1923 1924 1951 nunc
1944 1911 2125 1964 sequitur
2137 1926 2208 1951 :—

332 2050 445 2089 ⁰⁸Mr.
465 2050 610 2094 Lewis,

482 2108 526 2144 in
542 2109 802 2146 Paternoster
817 2111 930 2154 Row,
950 2122 1051 2147 near
1071 2111 1285 2159 Cheapside
1297 2123 1311 2147 .-

632 2168 661 2204 I
669 2168 772 2204 have
781 2168 883 2205 read
897 2181 994 2205 over
1004 2169 1069 2205 tlte
1071 2170 1162 2217 five
1178 2170 1360 2206 treatises
1374 2171 1496 2218 lately
1501 2170 1674 2217 printed
1681 2170 1768 2207 and
1767 2170 1910 2219 found
1920 2182 2026 2208 some
2041 2182 2208 2207 errours

331 2224 497 2269 therein,
519 2229 559 2262 to
588 2226 632 2262 be
662 2226 835 2264 mended.
899 2227 1039 2264 Please
1064 2232 1103 2264 to
1122 2228 1245 2275 print
1261 2229 1366 2265 them
1370 2257 1484 2272 .....
1501 2229 1587 2265 and
1597 2233 1676 2276 put
1693 2230 1798 2265 them
1822 2233 1861 2266 to
1882 2230 1947 2266 tlte
1966 2230 2146 2266 treatises
2165 2233 2206 2266 to

331 2283 462 2320 which
487 2284 577 2332 they
592 2285 742 2333 belong.
795 2286 935 2322 Please
959 2287 1016 2322 let
1031 2287 1116 2324 Mr.
1136 2285 1235 2335 Jok.
1256 2288 1479 2323 Marchant
1502 2288 1655 2324 carrea
1679 2288 1796 2332 them,
1823 2288 1915 2324 that
1934 2288 2025 2335 they
2053 2299 2145 2336 may
2162 2288 2208 2324 bc

331 2343 526 2391 conedly
533 2344 728 2391 printed:
758 2354 857 2381 1000
873 2345 924 2394 ῳ(
930 2346 1025 2382 each
1042 2357 1114 2382 are
1131 2349 1169 2383 to
1186 2346 1229 2382 be
1238 2346 1444 2394 printed.''

442 2494 643 2535 Mandata
664 2494 840 2536 auctoris
860 2503 1146 2549 exsequentes,
1165 2497 1292 2538 verba
1314 2498 1526 2548 nonnulla,
1547 2499 1647 2539 vitio
1665 2499 1900 2552 typothetae
1924 2499 2090 2549 omissa,
2110 2499 2204 2540 arti-

331 2575 427 2616 culo
445 2589 487 2616 n.
508 2584 579 2629 125
600 2575 873 2626 restituimus;
903 2583 1034 2617 errata
1054 2577 1178 2617 etiam
1198 2579 1492 2632 typographica
1510 2579 1630 2632 plura
1648 2580 1914 2622 correximus.

1353 2712 1556 2746 SAMUEL
1585 2714 1632 2746 H.
1672 2713 1722 2745 W
1720 2713 1786 2746 OR
1790 2711 1880 2746 CES
1883 2713 1991 2748 TER.

413 2857 698 2898 mecnwnm,
714 2859 843 2898 MAss„
857 2861 1010 2902 Aprilzlt,
1028 2862 1120 2902 1885·
