2496 4250
411 450 482 487 20
945 444 1030 484 DE
1067 442 1241 484 NOVA
1283 441 1737 482 HIEROSOLYMA

501 583 760 627 Persuasio
784 582 891 626 falsi
915 595 1061 639 quam
1088 583 1327 625 damnosa
1349 583 1415 636 (n.
1440 591 1537 636 794,
1557 580 1655 631 806,
1686 580 1810 636 5096,
1835 580 1984 635 7686).

530 756 802 857 nuggssggna
826 820 876 855 et
897 825 1012 855 vera
1036 819 1230 855 tanturn
1258 818 1605 854 removeantur
1629 811 1690 854 ab
1718 810 1932 860 homine,
1956 818 2195 867 quantum
2225 809 2262 852 is

412 872 460 914 in
485 873 613 914 malo
636 879 684 914 et
708 871 820 914 inde
843 870 976 914 falsis
998 877 1074 913 est
1097 871 1163 925 (n.
1188 871 1335 924 3402).

497 927 645 988 Quod
669 943 814 985 quam
839 927 1049 971 maxime
1072 935 1418 983 praecaveatur
1433 941 1462 970 a
1487 927 1703 971 Domino
1725 941 1786 970 ne
1804 941 1972 970 verum
1995 927 2264 983 conjunga-

411 995 494 1032 tur
518 987 659 1036 malo,
683 1001 739 1030 ac
762 986 936 1030 falsum
961 986 1074 1030 mali
1098 986 1230 1029 bono
1252 986 1319 1041 (n
1344 998 1470 1040 3110,
1497 985 1623 1040 3116,
1645 986 1774 1038 4416,
1797 987 1943 1040 5217).

497 1043 645 1220 guod
669 1060 727 1088 ex
745 1045 1098 1088 commixtione
1121 1044 1203 1087 illa
1224 1043 1502 1100 profanatio
1525 1045 1591 1099 (n.
1613 1043 1764 1099 6348).

497 696 644 871 {uod
678 697 861 740 bonurn
897 696 1099 739 influere
1133 695 1180 737 in
1203 708 1319 738 vera
1352 701 1575 751 nequeat,
1598 694 1833 751 quamdiu
1867 694 2019 737 homo
2052 693 2099 736 in
2135 693 2279 738 malo,

410 763 484 799 est

548 1105 645 1146 uod
669 1117 783 1147 vera
804 1102 1132 1146 exterminent
1153 1101 1287 1151 falsa,
1309 1110 1361 1145 et
1385 1102 1508 1146 falsa
1526 1116 1643 1146 vera
1671 1104 1736 1157 (n.
1763 1103 1910 1157 5207).

549 1163 646 1206 uod
670 1175 782 1205 vera
805 1161 1018 1217 penitius
1040 1160 1189 1216 recipi
1213 1167 1473 1216 nequeant,
1496 1161 1732 1216 quamdiu
1756 1169 1927 1218 regnat
1951 1159 2265 1203 incredulitas

412 1222 478 1276 (n.
501 1223 651 1275 3399)-

549 1327 645 1370 uod
668 1341 784 1371 vera
806 1326 1049 1370 falsificari
1073 1327 1275 1382 possint,
1299 1326 1553 1382 quomodo
1584 1326 1662 1382 (ab
1682 1326 1920 1382 exemplis,
1945 1339 1991 1368 n.
2014 1324 2164 1379 7318).

551 1386 645 1429 uod
671 1386 810 1430 malis
833 1386 977 1428 liceat
1000 1384 1255 1428 falsificare
1276 1397 1404 1433 vera,
1423 1398 1599 1428 causae
1623 1386 1688 1438 (n.
1712 1389 1862 1439 7332).

550 1445 646 1487 uod
669 1458 784 1487 vera
807 1443 1126 1487 falsificentur
1146 1455 1175 1486 a
1198 1442 1349 1491 malis,
1370 1456 1456 1498 per
1470 1443 1604 1499 quod
1627 1444 1935 1499 applicentur
1950 1450 2000 1485 et
2022 1443 2091 1486 sic
2113 1442 2267 1485 dedu-

411 1512 585 1546 cantur
606 1503 667 1546 ad
692 1503 872 1545 malum
900 1502 963 1558 (n.
987 1501 1114 1556 8094,
1138 1501 1287 1556 8149).

500 1561 682 1605 Verum
717 1560 1026 1604 falsificatum
1059 1560 1251 1616 dicitur,
1275 1559 1408 1615 quod
1441 1559 1738 1615 applicatum
1773 1567 1848 1603 est
1880 1559 2023 1608 malo,
2046 1558 2180 1615 quod
2214 1558 2269 1601 fit

414 1619 653 1733 {gm6pr]i)mis
679 1633 765 1676 per
790 1618 1006 1662 fallacias
1032 1626 1082 1661 et
1107 1631 1195 1679 per
1215 1618 1527 1673 apparentias
1555 1618 1602 1660 in
1626 1618 1840 1662 externis
1868 1619 1933 1673 (n.
1958 1627 2085 1672 7344,
2110 1616 2284 1672 86o2[?·

444 1691 472 1719 o
505 1690 528 1720 2

500 1734 648 1794 Quod
674 1736 812 1780 malis
834 1735 979 1779 liceat
1000 1735 1202 1792 aggredi
1223 1749 1408 1782 verum,
1434 1748 1531 1778 non
1554 1742 1718 1778 autem
1737 1735 1938 1784 bonum,
1962 1734 2078 1791 quia
2098 1747 2268 1778 verum

414 1803 620 1851 possunt
658 1808 743 1851 per
773 1794 932 1837 varias
970 1793 1399 1848 interpretationes
1436 1802 1486 1836 et
1517 1793 1872 1849 applicationes
1904 1793 2161 1836 falsificare
2179 1793 2269 1847 (n.

412 1853 647 1970 66780οό
671 1925 840 1954 verum
860 1910 1170 1954 falsificatum
1194 1924 1253 1954 ex
1281 1910 1410 1954 malo
1433 1911 1495 1953 sit
1517 1918 1691 1954 contra
1714 1924 1887 1954 verum
1915 1918 1964 1954 et
1990 1910 2175 1953 bonum
2203 1910 2269 1964 (n.

505 1970 571 2003 Ὺ)
615 1972 623 1987 ‘

414 1970 842 2085 8603h336523um
876 2042 935 2071 ex
969 2029 1099 2072 malo
1131 2027 1442 2070 falsificatum
1475 2027 1691 2084 graviter
1712 2035 1882 2083 puteat
1915 2027 1963 2069 in
1995 2027 2148 2070 altera
2168 2026 2283 2090 vita

416 2090 482 2141 (a
505 2090 654 2188 ἷῆιῐιῗὲ
673 2146 733 2189 de
757 2144 1096 2188 falsificatione
1118 2144 1219 2187 veri
1245 2146 1309 2199 (n.
1335 2143 1462 2199 7318,
1487 2154 1614 2199 7319,
1643 2144 1818 2199 10648).

502 2258 650 2317 Quod
675 2258 795 2302 falsa
817 2257 1066 2316 religionis
1092 2259 1272 2301 dentur
1289 2272 1415 2314 quae
1437 2258 1742 2301 concordant
1764 2272 1878 2301 curn
1901 2258 2047 2307 bono,
2066 2265 2116 2301 et
2137 2257 2270 2314 quod

421 2318 600 2360 dentur
621 2331 745 2373 quae
763 2317 1049 2360 discordant
1073 2319 1138 2383 (ιιΣ
1164 2316 1329 2371 [9258,]
1359 2321 1509 2371 9259).

502 2373 651 2434 Quod
676 2375 796 2419 falsa
818 2374 1079 2432 religionis,
1098 2375 1137 2418 si
1162 2388 1261 2418 non
1279 2375 1564 2418 discordant
1581 2388 1693 2418 cum
1713 2375 1857 2424 bono,
1878 2389 1976 2418 non
1994 2375 2272 2446 producant

417 2435 612 2483 malum,
637 2434 794 2477 solum
819 2434 949 2489 apud
974 2433 1081 2476 illos
1103 2433 1186 2489 qui
1211 2433 1259 2475 in
1284 2433 1414 2476 malo
1435 2441 1551 2477 sunt
1575 2435 1640 2488 (n.
1664 2433 1819 2500 8318).

504 2490 652 2559 Quod
687 2492 808 2535 falsa
834 2492 1087 2549 religionis
1115 2505 1214 2534 non
1250 2492 1553 2547 imputentur
1575 2491 1668 2535 illis
1700 2492 1783 2548 qui
1808 2491 1856 2534 in
1880 2492 2011 2535 bono
2033 2499 2161 2555 sunt,
2185 2491 2271 2535 sed
2316 2521 2321 2536 .

419 2551 511 2594 illis
535 2552 616 2607 qui
643 2551 689 2593 in
714 2551 843 2594 malo
869 2551 933 2605 (n.
957 2550 1084 2604 8051,
1109 2551 1257 2604 8149).
2282 2554 2285 2558 ’

503 2607 652 2676 Quod
675 2623 789 2652 vera
812 2623 910 2652 non
933 2609 1159 2666 genuina,
1183 2617 1233 2652 et
1258 2622 1455 2664 quoque
1482 2608 1615 2657 falsa,
1638 2609 1910 2652 consociari
1938 2609 2128 2664 possint
2159 2621 2270 2651 cum

415 2668 544 2711 veris
565 2667 791 2724 genuinis
813 2669 942 2723 apud
969 2667 1076 2710 illos
1098 2667 1182 2723 qui
1211 2668 1258 2708 in
1282 2668 1414 2710 bono
1435 2675 1563 2716 sunt,
1589 2681 1687 2711 non
1710 2675 1876 2710 autem
1899 2667 2029 2723 apud
2058 2667 2166 2711 illos
2188 2666 2272 2723 qui

418 2728 466 2769 in
492 2727 710 2781 919190Ἰ
736 2736 861 2781 3470
887 2736 1013 2780 3471
1035 2735 1164 2780 4551
1187 2734 1316 2791 4552
1341 2735 1469 2780 7344
1493 2726 1620 2780 8149
1644 2726 1794 2781 9298)

482 2820 485 2825 .
505 2784 652 2842 Quod
677 2783 797 2828 falsa
819 2793 867 2828 et
890 2798 1004 2828 vera
1025 2784 1372 2827 consocientur
1393 2798 1479 2840 per
1499 2785 1809 2840 apparentias
1831 2798 1891 2828 ex
1913 2797 2058 2828 sensu
2082 2783 2273 2827 litterae

420 2844 568 2887 Verbi
595 2845 659 2898 (n.
683 2845 833 2897 7344).

502 2900 654 2959 Quod
688 2901 808 2944 falsa
833 2901 1146 2944 verificentur
1172 2915 1201 2944 a
1232 2903 1376 2951 bonO,
1403 2910 1454 2946 et
1491 2901 1792 2950 mollescant,
1820 2901 1934 2958 quia
1965 2901 2275 2957 applicantur

419 2969 470 3004 et
492 2961 805 3003 deducuntur
827 2960 888 3002 ad
912 2960 1110 3008 bonum,
1132 2968 1183 3002 et
1207 2968 1489 3003 removetur
1511 2960 1692 3002 malum
1718 2961 1783 3015 (n.
1807 2960 1956 3015 8149).

489 3014 653 3077 Quod
678 3018 799 3061 falsa
825 3018 1087 3075 religionis,
1111 3019 1241 3074 apud
1276 3019 1384 3061 illos
1415 3018 1499 3074 qui
1535 3018 1581 3060 in
1615 3019 1747 3062 bono
1773 3027 1900 3067 sunt,
1925 3018 2222 3074 recipiantur
2246 3030 2272 3060 a

420 3077 637 3120 Domino
660 3085 715 3119 ut
735 3090 851 3120 vera
875 3078 939 3132 (n.
962 3076 1090 3144 4736.
1115 3077 1263 3130 8149).

491 3134 652 3193 Quod
681 3135 878 3184 bonum,
889 3135 1041 3202 Ucujus
1062 3135 1206 3191 quale
1228 3143 1303 3178 est
1329 3149 1358 3178 a
1383 3134 1506 3178 falso
1533 3135 1794 3192 religionis,
1818 3143 2101 3191 acceptetur
2121 3148 2150 3178 a
2173 3134 2274 3178 Do·

419 3194 516 3236 min
525 3208 567 3242 o,
593 3194 630 3236 si
657 3193 932 3250 ignorantia
953 3192 1030 3242 sit,
1053 3202 1103 3237 et
1127 3194 1174 3235 in
1200 3194 1280 3236 illa
1298 3194 1591 3243 innocentia,
1615 3207 1671 3236 ac
1690 3194 1800 3236 finis
1823 3194 1981 3236 bonus
2005 3195 2071 3248 (n.
2094 3193 2244 3246 7887).

506 3250 653 3309 Quod
678 3265 793 3295 vera
818 3251 947 3307 apud
975 3252 1226 3295 hominem
1250 3251 1349 3295 sint
1374 3252 1688 3308 apparentiae
1705 3252 1806 3295 veri
1833 3260 1882 3295 et
1908 3251 2023 3295 boni
2059 3251 2275 3295 imbutae

420 3310 637 3359 fallaciis,
662 3311 746 3354 sed
780 3309 914 3366 quod
949 3324 1104 3366 usque
1139 3310 1381 3354 Dominus
1413 3311 1615 3367 adaptet
1639 3310 1720 3354 illa
1744 3309 1971 3367 genuinis
1992 3310 2120 3354 veris
2142 3310 2272 3366 apud

419 3369 671 3412 hominem
696 3369 776 3425 qui
803 3369 850 3410 in
875 3368 1007 3411 bono
1028 3368 1150 3411 vivit
1175 3369 1239 3427 (n.
1265 3371 1413 3423 2053).

505 3425 653 3485 Quod
685 3426 805 3470 falsa
829 3426 876 3469 in
909 3426 1087 3483 quibus
1120 3428 1303 3470 bonum
1338 3427 1517 3470 dentur
1533 3427 1663 3483 apud
1698 3427 1805 3470 illos
1838 3427 1920 3484 qui
1953 3434 2091 3470 extra
2120 3427 2274 3470 eccle-

418 3486 539 3529 siam
565 3493 691 3534 sunt,
716 3494 764 3529 et
789 3485 902 3528 inde
930 3485 977 3527 in
1007 3485 1284 3542 ignorantia
1305 3485 1419 3534 veri,
1444 3485 1591 3528 etiam
1625 3486 1755 3542 apud
1791 3485 1899 3528 illos
1921 3485 2003 3541 qui
2038 3485 2166 3528 intra
2196 3489 2283 3528 ec-'

419 3544 616 3587 clesiam
640 3552 767 3593 sunt,
787 3543 869 3586 ubi
893 3543 1013 3586 falsa
1034 3542 1286 3586 doctrinae
1311 3544 1375 3597 (n.
1395 3543 1669 3598 2589—2604,
1691 3543 1817 3593 2861,
1843 3543 1968 3598 2863,
1995 3555 2047 3598 32
2052 3543 2121 3599 63,
2146 3543 2273 3599 3778,

417 3602 546 3657 4189
570 3614 697 3657 4190
720 3613 849 3657 4197
872 3603 999 3654 9799
1023 3602 1173 3657 9256)

498 3658 654 3719 Quod
683 3661 803 3704 falsa
835 3661 884 3703 in
923 3659 1098 3716 quibus
1125 3674 1223 3703 non
1262 3661 1447 3704 bonum
1483 3660 1708 3718 graviora
1748 3661 1846 3704 sint
1879 3662 2010 3718 apud
2051 3661 2158 3705 illos
2189 3660 2282 3729 qui·

424 3719 551 3763 intra
575 3719 828 3763 ecclesiam
854 3727 981 3769 sunt,
1004 3731 1152 3775 quam
1177 3719 1305 3774 apud
1332 3719 1438 3762 illos
1461 3719 1543 3775 qui
1567 3727 1703 3763 extra
1726 3720 1978 3763 ecclesiam
2006 3721 2070 3775 (n.
2094 3718 2244 3774 7688).
