2496 4250
926 446 1129 488 INDEX
1170 445 1392 487 RERUM
1433 445 1640 486 PRIOR.
2117 434 2222 484 XXI

488 586 622 628 Causa
641 587 806 641 quinta,
829 587 926 640 quia
949 597 1067 626 amor
1085 586 1327 640 conjugialis
1350 592 1411 627 est
1433 585 1514 636 illis
1537 585 1607 639 qui
1632 585 1676 624 in
1700 583 1991 638 conjunctione
2014 595 2110 624 curn
2134 585 2222 625 Do-

566 651 680 691 mino
699 657 794 692 sunt
815 650 875 706 (n.
890 649 1094 707 131—136).

485 748 610 802 Quod
639 747 736 788 inde
760 747 811 788 sit
838 747 952 802 quod
980 747 1157 788 deliciae
1181 747 1290 788 illius
1309 746 1459 788 amoris
1482 747 1562 788 sint
1583 746 1812 787 ineffabiles
1836 753 1875 786 et
1904 745 2222 786 innumerabiles

567 811 628 866 (n.
645 811 857 866 136-140).
1420 807 1422 809 ’

483 907 607 960 Quod
626 907 708 947 hoc
727 907 912 960 ignotum
931 907 983 947 sit
1004 907 1047 946 in
1065 906 1237 956 mundo,
1254 907 1351 961 quia
1370 920 1454 946 non
1474 905 1618 959 religio
1640 906 1700 961 (n.
1718 913 1889 957 140-145
1909 910 1982 954 [De
1992 912 2079 944 Am.
2101 911 2219 951 conj„

566 987 601 1010 n.
617 971 723 1024 534])·

481 1067 605 1110 Unde
629 1067 852 1121 conjugum
870 1067 1117 1121 jucundum,
1140 1067 1335 1116 faustum,
1358 1074 1399 1107 et
1427 1067 1593 1108 beatum
1620 1067 1679 1122 (n.
1703 1076 1879 1118 217-221
1903 1072 1976 1115 [De
1990 1073 2076 1105 Am.
2099 1071 2217 1112 conj„

563 1148 600 1172 n.
614 1139 668 1182 69,
687 1140 760 1180 180,
777 1131 890 1188 213]).

479 1229 635 1284 Aliqua
653 1241 802 1270 arcana
820 1242 872 1270 ex
887 1229 1044 1284 angelis
1057 1229 1109 1270 de
1129 1228 1290 1287 deliciis
1309 1229 1459 1269 amoris
1479 1228 1722 1282 conjugialis
1741 1228 1798 1282 (n.
1817 1239 1888 1268 221
1905 1234 1978 1277 [De
1991 1235 2078 1268 Am.
2100 1234 2216 1275 conj.¹

562 1311 597 1333 n.
615 1293 706 1350 69]).

479 1390 602 1433 Unde
621 1390 795 1432 deliciae
814 1391 964 1431 amoris
985 1389 1273 1444 [¹]conjugialis
1298 1389 1411 1447 (vide
1431 1390 1585 1442 Sexus)
1611 1390 1671 1446 (n.
1689 1401 1712 1429 2
1718 1389 1881 1442 58-262
1903 1395 1977 1438 [De
1990 1397 2076 1429 Am.
2098 1396 2215 1436 conj„

559 1472 595 1495 n.
615 1463 688 1502 180,
707 1463 780 1504 198,
795 1453 917 1512 221]);

477 1519 760 1573 Principaliter
781 1517 842 1576 (n.
861 1517 969 1575 261).

476 1619 544 1659 De
565 1618 936 1659 communicatione
955 1618 1119 1658 illarum
1140 1630 1234 1658 cum
1254 1618 1408 1658 maritis
1432 1618 1446 1673 (
1463 1600 1560 1659 ViJle
1571 1617 1728 1674 Sexus)
1755 1617 1814 1674 (n.
1832 1617 2019 1670 263-265
2043 1623 2210 1667 [DeAm.

564 1689 680 1730 Conj.,
694 1700 729 1722 n.
748 1699 912 1729 κιο-925,
928 1683 1039 1737 294]).

475 1780 600 1832 Quod
619 1793 734 1820 amor
754 1779 998 1832 conjugialis
1020 1780 1126 1820 sicut
1149 1786 1209 1820 est
1227 1779 1396 1820 interior
1412 1780 1470 1820 ita
1489 1779 1647 1820 deliciis
1666 1779 1826 1832 plenior
1847 1778 1907 1835 (n.
1926 1779 2159 1835 522-526);

474 1843 530 1885 Et
540 1844 652 1898 quod
665 1857 716 1884 eo
726 1844 770 1884 in
782 1843 940 1885 deliciis
952 1844 1151 1897 persistat,
1161 1850 1202 1884 et
1215 1844 1408 1884 continue
1420 1844 1558 1897 quoad
1573 1843 1741 1884 delicias
1752 1850 1904 1884 crescat
1920 1843 2211 1899 (n.527-648).

473 1939 601 1993 Quod
625 1953 741 1980 amor
764 1940 1007 1993 conjugialis
1031 1940 1169 1994 quoad
1193 1940 1282 1992 ejus
1306 1939 1491 1989 delicias,
1515 1945 1556 1980 et
1582 1940 1729 1980 harum
1753 1940 2021 1981 exaltationes
2045 1945 2086 1981 et
2114 1953 2209 1980 con—

557 2004 738 2054 stantias,
759 2004 810 2044 sit
829 2004 1058 2044 secundum
1078 2003 1167 2056 ejus
1188 2003 1366 2056 origines
1384 2004 1429 2044 in
1448 2004 1655 2044 mentibus
1678 2002 1740 2060 (n.
1759 2002 1987 2060 549-560).

473 2109 540 2149 De
560 2108 720 2149 deliciis
741 2109 892 2149 amoris
913 2109 1168 2162 conjugialis,
1187 2107 1303 2149 varia
1324 2108 1385 2166 (n.
1404 2108 1521 2165 560).

472 2214 599 2268 Quod
622 2228 737 2254 amor
757 2214 1001 2267 conjugialis
1023 2214 1252 2254 secundum
1274 2214 1475 2267 originem
1498 2228 1614 2254 suam
1634 2215 1705 2256 fiat
1727 2215 1958 2255 sensibilior
1976 2221 2017 2256 et
2038 2214 2207 2256 insensi-

552 2277 675 2317 bilior
695 2277 756 2334 (Π.
774 2278 963 2330 598-605
986 2284 1058 2326 [De
1072 2286 1158 2318 Am.
1182 2285 1299 2325 Gens„
1313 2295 1348 2318 n.
1366 2277 1478 2334 213]).
2120 2280 2139 2303 ⁴¹

465 2380 592 2433 Quod
611 2379 741 2420 cuivis
760 2380 921 2420 interna
939 2380 1114 2421 felicitas
1131 2380 1182 2421 sit
1199 2380 1427 2421 secundum
1443 2394 1625 2420 amorem
1641 2381 1914 2434 conjugialem
1937 2380 1998 2438 (n.
2014 2381 2207 2434 664-676
2223 2433 2229 2435 -

553 2450 628 2494 [De
641 2452 728 2484 Am.
751 2451 869 2491 Cous„
884 2461 920 2484 n.
939 2447 1043 2498 180]).

470 2540 597 2594 Quod
616 2552 759 2580 omnes
780 2540 850 2593 qui
869 2539 915 2579 in
938 2552 1078 2580 amore
1100 2552 1196 2580 vere
1217 2540 1437 2593 conjugiali
1457 2546 1563 2590 sunt,
1579 2540 1677 2581 fiant
1696 2539 1833 2594 angeli
1856 2539 1916 2597 (n.
1934 2548 1957 2592 7
1962 2549 2014 2594 52
2030 2546 2104 2590 [De
2116 2548 2203 2580 Am.

559 2610 678 2652 Conj„
692 2621 729 2644 n.
747 2602 908 2659 48—53]).

469 2701 538 2741 De
551 2700 711 2741 deliciis
743 2699 893 2741 amoris
926 2699 1181 2753 conjugialis,
1216 2699 1356 2753 aliqua
1390 2701 1652 2755 (immorali,
1673 2714 1714 2742 n.
1737 2700 1816 2753 763
1838 2707 1911 2750 [De
1929 2709 2015 2740 Am.
2033 2708 2150 2748 conj„
2166 2719 2201 2741 n.

551 2762 662 2820 183]).

469 2861 595 2914 Quod
618 2873 703 2900 non
719 2860 800 2900 nisi
820 2873 914 2900 cum
934 2873 1019 2900 una
1037 2873 1165 2900 uxore
1186 2860 1273 2899 dari
1294 2867 1445 2913 queant
1463 2860 1738 2901 beatitudines
1758 2862 1965 2912 caelestes,
1981 2861 2202 2903 faustitates

550 2924 798 2977 spirituales,
822 2931 863 2964 et
886 2925 1164 2977 jucunditates
1192 2924 1413 2973 naturales,
1437 2938 1543 2978 quae
1571 2925 1625 2965 ab
1653 2925 1769 2965 initio
1793 2927 1979 2978 provisae
2003 2934 2096 2967 sunt
2120 2928 2201 2968 illis

552 2988 622 3042 qui
642 2988 687 3027 in
707 3001 845 3028 amore
864 3001 960 3028 vere
986 2988 1207 3041 conjugiali
1228 2994 1321 3028 sunt
1344 2987 1404 3044 (n.
1421 2999 1653 3041 1030-1034
1667 2995 1738 3038 [De
1751 2997 1838 3028 Am.
1858 2997 1971 3037 Conj.,
1988 3007 2022 3030 n.
2042 2992 2154 3046 335])·

467 3084 594 3137 Quod
614 3084 710 3124 illae
731 3098 816 3124 non
836 3085 924 3124 dari
945 3091 1096 3139 queant
1116 3085 1195 3125 nisi
1215 3098 1240 3124 a
1257 3085 1346 3124 solo
1367 3085 1551 3125 Domino
1574 3085 1633 3141 (n.
1650 3094 1872 3138 1035—1041
1893 3093 1966 3135 [De
1978 3095 2065 3128 Am.
2083 3095 2198 3136 Conj„

547 3165 583 3188 n.
601 3149 712 3205 336]).

466 3245 593 3298 Quod
612 3245 786 3299 deliciae
806 3246 955 3286 amoris
974 3260 1071 3286 vere
1091 3245 1345 3299 conjugialis,
1367 3246 1490 3287 etiam
1510 3247 1703 3287 delicium
1723 3248 1928 3299 ultimum,
1945 3251 2026 3290 sint
2044 3250 2198 3306 absque

547 3309 662 3349 omni
681 3309 850 3349 lascivia
872 3307 931 3365 (n.
948 3310 1047 3361 1085
1071 3315 1144 3359 [De
1154 3318 1241 3348 Am.
1261 3317 1376 3356 Conj.‚
1392 3327 1427 3349 n.
1447 3327 1519 3357 144,
1536 3310 1648 3366 346]).

465 3414 533 3454 De
548 3413 689 3466 spiritu
704 3414 775 3466 qui
788 3413 919 3454 voluit
938 3415 1042 3454 scire
1062 3414 1162 3467 quid
1178 3414 1339 3454 caelum
1359 3421 1399 3454 et
1418 3414 1638 3464 infernum,
1654 3421 1693 3456 et
1714 3416 1780 3456 cui
1795 3415 1968 3467 dicium,
1987 3423 2013 3442 ‘⁶
2028 3419 2200 3472 Inquire

540 3477 786 3529 jucundum,
802 3484 842 3518 et
858 3480 1130 3531 cognosces;''
1149 3485 1188 3518 et
1202 3478 1411 3532 inquisivit
1429 3477 1690 3534 (Mmomffi,
1706 3493 1747 3520 n.
1763 3491 1866 3532 1344
1889 3486 1962 3529 [De
1975 3488 2060 3520 Am.
2079 3488 2195 3529 conj„

546 3557 582 3579 n.
599 3540 710 3594 461]).

464 3645 532 3684 De
552 3644 708 3686 deliciis
729 3646 877 3686 amoris
897 3646 1150 3700 conjugialis,
1165 3647 1278 3687 varia
1300 3645 1360 3703 (n.
1376 3656 1470 3699 1731
1489 3653 1562 3696 [De
1574 3655 1660 3687 Am.
1681 3655 1795 3695 conj„
1811 3666 1845 3688 n.
1865 3665 1918 3696 51,
1934 3649 2024 3704 52]).

464 3749 532 3790 De
551 3750 712 3803 gaudiis
732 3751 848 3800 caeli,
869 3758 910 3792 et
929 3752 983 3792 de
1002 3752 1155 3805 nuptiis
1173 3752 1230 3792 ibi
1253 3751 1314 3803 (n.
1330 3752 1560 3803 1826-1848
1581 3759 1654 3802 [De
1667 3761 1752 3794 Am.
1772 3761 1889 3802 Cous„
1904 3771 1939 3796 n.
1959 3753 2096 3805 1-25]l.
