2496 4250
144 380 191 475 ξ
206 447 226 469 ,
884 408 968 449 DE
1007 407 1252 450 spuuru
1290 406 1552 448 sANcTo.
2080 406 2146 463 45

864 671 1128 725 CAPUT
1179 671 1566 724 TERTIUM.

119 779 166 811 2241

239 898 244 902 -
285 862 474 934 QUOD
500 865 789 919 DIVINUM
816 876 990 928 QUOD
1021 876 1318 918 VOCATUR
1347 865 1634 918 SP1R1Tus
1662 864 1966 927 SANCTUS,
1998 877 2137 919 Pno-

107 950 110 955 ·
495 955 741 996 CEDENS
778 955 821 995 A
853 944 991 996 DEo
1030 956 1148 995 PER
1190 944 1529 997 HUMANUM
1564 945 1775 1005 IPSIUS,
1809 956 2148 996 TRANSEAT

493 1035 612 1076 PER
663 1034 922 1075 CAELUM
973 1034 1349 1075 ANGELICUM
1400 1034 1468 1074 IN
1521 1034 1818 1085 MUNDUM,
1870 1034 1980 1098 ITA
2030 1035 2147 1075 PER

495 1113 787 1155 ANGELOS
825 1113 894 1153 IN
934 1113 1240 1154 HOMINES.

395 1269 438 1308 1.
490 1253 659 1323 Quod
693 1255 848 1307 Deus
878 1272 1020 1306 unus
1051 1255 1107 1306 in
1146 1255 1414 1306 Humano
1446 1273 1549 1306 suo
1591 1256 1663 1307 sit
1713 1272 1880 1322 supra
1925 1255 2146 1307 caelum

633 1335 971 1402 angelicum,
1006 1352 1285 1402 apparens
1317 1335 1391 1385 ibi
1431 1343 1492 1386 ut
1527 1334 1644 1396 Sol,
1680 1353 1712 1386 a
1744 1353 1856 1403 quo
1887 1337 2146 1402 procedit

237 1465 242 1467 Δ
635 1430 794 1465 amor
823 1421 886 1465 ut
916 1413 1087 1474 calor,
1118 1421 1176 1465 et
1209 1414 1489 1480 sapientia
1521 1422 1583 1466 ut
1616 1414 1733 1465 lux,

90 1508 113 1526 ‘⁴
139 1538 150 1557 ᾖ
297 1551 301 1554 ,
389 1505 438 1546 2.
491 1491 661 1560 Quod
688 1494 766 1544 sic
801 1490 1057 1544 sanetum
1088 1492 1212 1554 Dei,
1243 1493 1394 1560 quod
1422 1501 1661 1545 vocatur
1692 1492 1931 1560 Spiritus
1965 1492 2146 1545 Sanc·

633 1578 744 1632 tus,
767 1570 962 1622 influat
985 1571 1181 1623 ordine
1209 1572 1263 1622 in
1293 1571 1904 1632 caeIOS,——immediate
1932 1572 1987 1622 in
2016 1589 2145 1624 cae-

634 1649 751 1701 lum
791 1643 1113 1718 supi-emum
1146 1649 1295 1718 quod
1328 1659 1566 1701 vocatur
1600 1651 1850 1711 tertium,
1885 1651 2145 1702 immedi-

633 1737 728 1781 ate
759 1736 819 1780 et
851 1746 1073 1796 quoque
1105 1729 1355 1780 mediate
1386 1730 1442 1780 in
1470 1728 1692 1780 caelum
1720 1729 1967 1780 medium
1994 1730 2142 1796 quod

633 1815 872 1860 vocatur
898 1807 1226 1869 secundum,
1256 1800 1516 1859 similiter
1547 1809 1602 1858 in
1635 1807 1855 1859 caelum
1884 1807 2142 1859 ultimum

639 1887 790 1956 quod
821 1895 1060 1938 vocatur
1091 1888 1347 1955 primum.

387 1980 434 2033 3.
487 1964 657 2034 Quod
708 1984 806 2034 per
849 1967 954 2018 hos
1002 1967 1191 2018 caelos
1239 1966 1433 2018 influat
1488 1967 1544 2017 in
1601 1966 1887 2028 mundum,
1940 1974 1998 2019 et
2049 1985 2147 2035 per

630 2045 779 2097 hunc
812 2046 868 2096 in
900 2035 1158 2096 homines
1190 2045 1280 2096 ibi.
1312 2088 1317 2099 ,

383 2139 434 2189 4⁴
489 2122 658 2192 Quod
691 2131 884 2176 tamen
916 2123 1106 2190 angeli
1138 2123 1280 2175 caeli
1308 2140 1422 2175 non
1450 2125 1562 2175 sint
1595 2123 1833 2191 Spiritus
1862 2122 2119 2176 §anotus

388 2215 432 2270 5.
486 2201 655 2270 Quod
691 2219 888 2254 omnes
928 2203 1087 2264 caeli,
1123 2220 1233 2254 una
1271 2219 1398 2254 cum
1437 2202 1689 2254 ecclesiis
1728 2205 1784 2254 in
1817 2205 1998 2266 terriS‚
2032 2205 2145 2257 sint

631 2283 688 2333 in
719 2283 840 2333 visu
873 2282 1103 2333 Domini
1135 2283 1280 2333 sicut
1312 2299 1453 2340 unus
1483 2281 1692 2333 Homo.

382 2359 434 2412 6.
487 2358 656 2428 Quod
677 2361 830 2412 solus
853 2361 1130 2412 Dominus
1157 2362 1230 2412 sit
1252 2361 1439 2411 anima
1466 2368 1525 2412 et
1552 2361 1670 2412 vita
1691 2360 1837 2412 illius
1862 2361 2142 2422 HominiS,

290 2430 295 2435 ¹
630 2447 690 2491 et
717 2439 867 2507 quod
894 2456 1093 2490 omnes
1120 2440 1212 2506 qui
1241 2440 1564 2490 animantur
1591 2447 1649 2490 et
1677 2441 1875 2491 vivunt
1907 2440 1977 2491 ab
2010 2440 2143 2507 Ipso

629 2518 742 2569 sint
765 2534 967 2585 corpus
1001 2518 1197 2584 Ipsius,
1276 2517 1415 2568 Inde
1443 2525 1531 2568 est
1564 2518 1714 2585 quod
1748 2518 1967 2569 dicatur
1993 2519 2144 2586 quod

631 2595 827 2649 fideles
858 2597 1068 2649 faciant
1104 2614 1307 2663 corpus
1340 2597 1586 2658 Domini,
1623 2605 1681 2648 et
1721 2598 1871 2665 quod
1910 2597 1990 2648 illi
2030 2598 2143 2649 sint

632 2677 690 2727 in
723 2676 875 2743 Ipso,
910 2683 968 2728 et
1002 2675 1131 2742 Ipse
1162 2677 1217 2727 in
1249 2675 1376 2727 illis.

384 2766 432 2822 7.
486 2753 655 2822 Quod
684 2755 960 2806 Dominus
986 2756 1042 2806 in
1070 2754 1308 2822 angelos
1335 2754 1476 2806 caeli
1504 2761 1562 2806 et
1590 2755 1645 2805 in
1673 2754 1931 2806 homines
1959 2753 2142 2805 eccle-

633 2834 748 2885 siae
782 2834 977 2885 influat
1010 2835 1066 2885 in
1099 2834 1343 2901 quadam
1375 2833 1741 2884 similitudine
1773 2833 2142 2900 quemadmo-

631 2912 763 2964 dum
796 2913 984 2964 anima
1015 2913 1070 2964 in
1103 2929 1304 2980 corpus
1337 2911 1485 2979 apud
1517 2910 1824 2963 hominem.
