2496 4250
413 397 484 452 74
944 398 1027 438 DE
1067 397 1240 438 NOVA
1281 396 1736 438 HIEROSOLYMA

496 538 522 555 “
539 536 667 576 Multi
689 538 836 577 dicent
857 538 963 577 mihi
987 538 1029 577 in
1047 538 1118 577 die
1140 538 1228 585 illo,
1246 538 1449 585 Domine,
1474 538 1678 586 Domine,
1698 550 1847 577 nonne
1870 550 1947 588 per
1964 549 2127 577 nomen
2149 545 2271 578 tuum

630 593 1006 642 prophetavimus,
1029 601 1072 631 et
1098 605 1174 642 per
1195 605 1360 631 nomen
1391 600 1515 631 tuum
1546 593 1784 631 daemonia
1813 592 2038 642 ejecimus,
2057 600 2100 631 et
2125 593 2168 631 in
2195 605 2274 632 no·

631 647 751 685 mine
777 655 852 685 tuo
878 647 1038 685 multas
1060 647 1244 686 virtutes
1270 647 1483 687 fecimus?
1538 647 1623 686 Sed
1648 655 1753 686 tunc
1778 646 2023 686 confitebor
2047 647 2147 694 illis,
2171 646 2273 687 Non

630 701 735 739 novi
755 714 869 748 vos,.
888 732 897 740 .
915 701 1126 751 ‚operarii
1143 701 1387 752 iniquitatis
1401 700 1423 715 ”
1441 701 1529 750 (vii.
1549 711 1612 749 22,
1631 702 1699 751 23)
1717 713 1725 748 ;

413 803 532 846 tum
568 796 714 862 apud
747 796 968 856 Lucam,

469 890 632 936 “Tunc
654 890 872 940 incipietis
890 891 1046 938 dicere,
1067 890 1250 929 Edimus
1272 902 1420 929 coram
1438 898 1495 938 te,
1512 897 1556 929 et
1575 891 1778 938 bibimus,
1797 898 1840 930 et
1861 891 1905 929 in
1928 891 2085 941 plateis
2107 891 2274 930 nostris

630 945 842 990 docuisti:
874 945 952 984 sed
974 945 1100 991 dicet,
1121 945 1231 983 Dico
1253 945 1394 991 vobis,
1416 945 1517 983 Non
1539 945 1644 983 novi
1666 957 1747 983 vos
1765 946 1881 984 unde
1899 945 2004 984 estis
2023 957 2032 993 ;
2063 945 2274 985 discedite

630 1011 656 1037 a
679 998 766 1046 Me,
788 1011 946 1038 omnes
969 1000 1158 1049 operarii
1181 998 1458 1050 iniquitatis”
1481 999 1585 1047 (xiii.
1609 999 1671 1047 26,
1696 1000 1784 1049 27):

413 1092 812 1159 intelliguntur
843 1095 1015 1144 etiam
1045 1111 1144 1159 per
1176 1095 1418 1160 quinque
1450 1094 1696 1159 virgines
1729 1093 1954 1154 stultaS,
1984 1111 2126 1161 quae
2158 1109 2273 1145 non

414 1171 706 1223 habebant
736 1172 922 1223 oleum
956 1174 1011 1222 in
1040 1172 1394 1239 lampadibus
1422 1172 1570 1238 apud
1602 1171 1966 1232 Matthaeum,

496 1283 1012 1323 “Tandem..venerunt
1046 1284 1148 1323 illae
1178 1285 1388 1334 virgines,
1425 1284 1635 1331 dicentes,
1669 1283 1873 1330 Domine,
1911 1283 2115 1331 Domine,
2150 1283 2274 1335 aperi

630 1339 758 1377 nobis
777 1350 784 1383 ;
818 1339 889 1376 ille
903 1351 1014 1442 >vero
1032 1339 1310 1389 respondens
1332 1339 1459 1385 dicet,
1483 1338 1643 1385 Amen,
1656 1338 1755 1377 dico
1771 1339 1911 1385 vobis,
1927 1351 2017 1377 non
2035 1339 2140 1378 novi
2157 1351 2238 1378 vos
2251 1338 2274 1352 ”

629 1393 747 1442 (xxv.
769 1403 830 1440 11,
853 1403 899 1431 12
933 1407 940 1433 :

416 1501 654 1554 “oleum
683 1503 738 1553 in
767 1502 1160 1570 lampadibus”
1188 1510 1276 1554 est
1303 1502 1513 1554 bonum
1542 1503 1746 1553 amoris
1779 1503 1834 1553 in
1867 1501 1992 1554 fide.

1083 1654 1145 1696 (Ex
1161 1663 1320 1686 ARCANIS
1336 1654 1604 1695 CAELEs‘rmos.)

500 1745 645 1783 120.
683 1735 780 1794 Qui
805 1751 903 1780 non
927 1737 1090 1781 sciunt
1111 1738 1244 1793 quod
1270 1737 1437 1780 omnia
1460 1736 1508 1779 in
1532 1736 1762 1780 universo
1785 1750 1835 1780 se
1859 1736 2070 1780 referant
2091 1737 2152 1780 ad
2176 1737 2273 1781 Ve-

407 1809 519 1841 rum
540 1804 590 1838 et
610 1795 819 1845 Bonum,
838 1804 887 1839 et
905 1797 965 1839 ad
989 1794 1391 1852 conjunctionem
1411 1796 1665 1851 utriusque
1684 1804 1737 1838 ut
1757 1796 2057 1851 producatur
2073 1796 2271 1853 aliquid,

411 1854 546 1910 quod
571 1867 668 1897 non
694 1855 851 1898 sciant
874 1855 1006 1911 quod
1026 1855 1192 1898 omnia
1213 1854 1447 1897 ecclesiae
1465 1868 1516 1897 se
1535 1854 1747 1897 referant
1770 1854 1831 1897 ad
1854 1853 2023 1897 Fidem
2049 1862 2099 1898 et
2117 1854 2272 1898 Amo-

412 1927 528 1962 rem,
553 1921 603 1955 et
629 1913 690 1955 ad
725 1911 1128 1969 conjunctionem
1156 1913 1426 1969 utriusque,
1449 1920 1504 1955 ut
1530 1912 1594 1956 sit
1620 1912 1825 1956 ecclesia
1856 1913 1986 1969 apud
2019 1913 2271 1957 hominem

415 1973 480 2026 (n.
505 1972 778 2026 7752-7762,
798 1972 925 2027 9186,
949 1972 1099 2026 9224).

501 2029 648 2087 ¹Quod
673 2029 839 2073 omnia
863 2030 910 2073 in
929 2030 1172 2080 universo,
1191 2043 1315 2086 quae
1338 2038 1453 2073 sunt
1476 2029 1744 2073 secundum
1771 2028 2007 2072 Divinum
2031 2029 2271 2079 ordinem,

411 2102 463 2132 se
498 2088 711 2132 referant
743 2089 803 2132 ad
837 2089 1022 2132 bonum
1056 2097 1106 2132 et
1127 2103 1314 2138 verum,
1337 2098 1386 2131 et
1412 2089 1474 2131 ad
1501 2086 1902 2144 conjunctionem
1925 2088 2181 2146 utriusque
2205 2090 2270 2144 (n.

411 2147 570 2203 2451[?
591 2149 736 2202 2452],
762 2147 888 2202 3166,
911 2159 1039 2202 4390,
1062 2159 1190 2202 4409,
1213 2158 1336 2202 5232,
1357 2147 1483 2202 7256,
1507 2159 1659 2196 10122,
1687 2147 1861 2202 10555).

500 2205 647 2263 Quod
674 2220 789 2249 vera
820 2206 920 2249 sint
953 2206 1081 2256 fidei,
1109 2214 1159 2250 et
1190 2207 1321 2249 bona
1346 2205 1444 2249 sint
1475 2205 1655 2249 amoris
1691 2207 1755 2260 (n.
1781 2204 1940 2261 4353[?
1965 2205 2115 2261 4352],
2140 2216 2270 2261 4997,

412 2265 539 2319 7178,
569 2265 743 2320 10367).

407 2392 409 2394 ,
503 2343 640 2387 Haec
658 2357 803 2387 causa
820 2352 894 2387 est
913 2344 1046 2400 quod
1071 2344 1131 2386 de
1158 2343 1299 2386 Bono
1322 2351 1371 2386 et
1388 2343 1533 2393 Vero,
1553 2343 1601 2385 in
1625 2343 1716 2386 hac
1741 2342 1978 2386 Doctrina
1998 2342 2161 2387 aCtum
2184 2344 2272 2393 sit;

412 2424 562 2467 quare
580 2424 638 2454 ex
659 2411 751 2454 illis
769 2424 893 2468 quae
913 2411 977 2453 ibi
995 2411 1141 2454 allata
1158 2418 1285 2460 sunt,
1299 2410 1526 2454 concludi
1544 2418 1710 2466 potest
1727 2410 1787 2453 ad
1809 2410 1954 2454 fidem
1973 2418 2023 2453 et
2039 2423 2271 2462 amorem,

411 2486 461 2521 et
493 2477 605 2520 sciri
642 2478 810 2534 quales
853 2473 969 2521 sunt
1006 2491 1117 2520 cum
1156 2475 1409 2534 conjuncti
1443 2485 1491 2520 et
1523 2477 1690 2533 quales
1722 2490 1834 2519 curn
1869 2490 1966 2520 non
2004 2476 2269 2540 conjuncti,

412 2544 647 2601 ponendo
669 2558 888 2588 amorem
912 2545 1023 2587 1000
1045 2543 1175 2593 boni,
1200 2557 1256 2586 ac
1277 2543 1425 2586 fidem
1449 2543 1559 2586 1000
1580 2543 1695 2593 veri,
1719 2551 1768 2586 et
1789 2543 2096 2599 applicando.

501 2647 598 2707 Qui
619 2662 717 2692 non
742 2649 904 2692 sciunt
926 2649 1058 2705 quod
1084 2648 1251 2692 omnia
1272 2655 1322 2691 et
1344 2647 1536 2704 singula
1557 2647 1684 2704 apud
1710 2647 1958 2690 hominem
1985 2662 2036 2691 se
2058 2646 2270 2692 referant

409 2708 471 2750 ad
506 2706 818 2751 Intellectum
856 2716 907 2750 et
933 2707 1269 2756 Voluntatem,
1297 2715 1347 2750 et
1383 2707 1444 2749 ad
1483 2705 1883 2762 conjunctionem
1923 2707 2180 2763 utriusque
2216 2715 2271 2749 ut

411 2767 564 2810 homo
587 2766 651 2810 sit
674 2767 840 2816 homo,
864 2767 997 2823 quod
1027 2779 1125 2809 non
1153 2766 1280 2808 clare
1307 2765 1464 2809 sciant
1490 2765 1622 2820 quod
1656 2764 1823 2807 omnia
1847 2765 2080 2808 ecclesiae
2113 2777 2164 2808 se
2197 2779 2270 2808 re-

410 2824 572 2868 ferant
597 2826 659 2868 ad
690 2825 861 2868 Fidem
895 2833 944 2868 et
973 2825 1222 2873 Amorem,
1247 2832 1296 2867 et
1318 2824 1379 2866 ad
1413 2821 1812 2879 conjunctionem
1841 2823 2108 2880 utriusque,
2132 2831 2188 2866 ut
2221 2824 2269 2866 in

410 2883 612 2927 homine
636 2884 699 2927 sit
722 2884 927 2927 ecclesia
952 2885 1016 2938 (n.
1043 2895 1168 2937 2231,
1193 2892 1466 2937 7752-7754‚
1490 2893 1617 2936 9224,
1643 2892 1769 2936 9995,
1799 2883 1972 2935 10122).

499 2941 646 2999 Quod
670 2942 813 2985 binae
841 2942 1097 2985 facultates
1120 2941 1308 2983 homini
1334 2941 1445 2989 sint,
1470 2953 1568 2982 una
1599 2953 1723 2996 quae
1745 2949 1951 2983 vocatur
1977 2938 2269 2998 intellectus,

410 3008 459 3044 et
482 3002 637 3043 altera
659 3014 784 3057 quae
806 3001 1036 3043 voluntas
1063 3002 1126 3053 (n.
1149 2999 1248 3053 641,
1274 2999 1370 3054 803,
1395 2999 1520 3053 3623,
1546 2997 1701 3053 3939[?
1726 2999 1894 3053 3539]).

499 3058 646 3116 Quod
676 3058 953 3102 intellectus
986 3059 1176 3101 dicatus
1200 3057 1263 3101 sit
1287 3057 1579 3113 recipiendis
1602 3057 1742 3106 veris,
1767 3057 1835 3099 ita
1856 3070 1980 3112 quae
2003 3056 2116 3100 fidei
2140 3065 2268 3106 sunt,

410 3125 461 3160 et
484 3118 713 3160 voluntas
737 3117 898 3160 dicata
935 3116 1228 3173 recipiendis
1259 3115 1415 3165 bonis,
1441 3115 1509 3158 ita
1539 3128 1663 3172 quae
1695 3115 1876 3158 amoris
1903 3123 2020 3159 sunt
2053 3117 2118 3171 (n.
2141 3128 2268 3172 9300,

411 3188 539 3232 9930,
570 3176 743 3229 Ι0004).

503 3255 641 3299 Haec
664 3269 810 3300 causa
831 3264 919 3305 est,
944 3256 1074 3312 quod
1101 3256 1161 3299 de
1185 3255 1458 3298 Voluntate
1481 3262 1530 3298 et
1559 3253 1816 3298 Intellectu
1846 3254 1893 3297 in
1917 3255 2008 3298 hac
2033 3253 2271 3299 Doctrina

410 3323 560 3366 etiam
585 3322 748 3366 actum
783 3323 870 3373 sit;
905 3337 1015 3366 nam
1039 3337 1099 3366 ex
1128 3322 1222 3366 illis
1247 3335 1458 3378 quoque,
1483 3335 1607 3378 quae
1633 3322 1696 3364 ibi
1720 3322 1867 3365 allata
1889 3331 2017 3371 sunt,
2041 3323 2268 3366 concludi

411 3398 577 3447 potest
609 3390 670 3432 ad
706 3389 852 3432 fidem
888 3399 938 3432 et
969 3403 1200 3439 amorem,
1228 3397 1279 3432 et
1304 3388 1415 3432 sciri
1443 3389 1610 3445 quales
1637 3397 1751 3432 sunt
1788 3403 1897 3432 cum
1937 3388 2187 3446 conjuncti
2219 3398 2270 3433 et

414 3457 582 3513 quales
605 3470 715 3499 cum
740 3470 839 3499 non
863 3454 1129 3513 conjuntf'ti,
1153 3455 1419 3512 cogitando
1441 3468 1658 3498 amorem
1685 3455 1731 3497 in
1756 3455 2023 3505 voluntate,
2045 3463 2095 3499 et
2121 3455 2267 3499 fidem

412 3523 458 3565 in
486 3521 750 3565 intellectu.

499 3626 596 3685 Qui
618 3641 714 3671 non
733 3628 895 3670 sciunt
912 3628 1044 3684 quod
1069 3627 1257 3670 homini
1276 3626 1339 3670 sit
1359 3626 1612 3670 Internum
1637 3634 1686 3670 et
1707 3626 1988 3677 Externum,
2007 3641 2091 3671 seu
2112 3627 2264 3671 Inter-

413 3700 503 3730 nus
530 3695 579 3730 et
609 3686 850 3730 Externus
881 3685 1059 3736 Homo,
1084 3694 1134 3729 et
1157 3686 1289 3742 quod
1313 3685 1479 3729 omnia
1505 3685 1623 3728 caeli
1650 3686 1711 3728 ad
1740 3685 1985 3729 internum
2013 3686 2259 3730 hominem
