2496 4250
403 428 486 479 68.ι
549 464 562 478 .
860 439 1150 480 CANONEs
1189 439 1403 480 NOVAE
1442 439 1798 481 ECCLESIAE.

404 578 591 644 Quare
631 580 734 630 nisi
774 597 920 631 nova
960 580 1199 632 ecclesia
1238 598 1270 631 a
1317 580 1563 631 Domino
1602 581 1960 643 instauretur,
2002 599 2144 649 quae
2194 590 2252 635 et

402 658 702 709 ecclesiam
741 667 798 710 et
831 659 1084 710 Verbum
1130 676 1261 710 suae
1311 660 1629 725 integritati
1666 660 1932 721 restituit,
1964 676 2078 711 non
2116 677 2252 712 con-

401 738 609 787 servari
637 738 815 802 possit
849 737 1136 787 ulla‘carO.
1513 778 1516 781 .

511 826 555 879 5.
609 813 775 879 Quod
808 814 885 863 illi
919 815 1009 881 qui
1040 815 1096 864 in
1128 813 1236 865 fide
1268 813 1575 865 hodiernae
1608 814 1879 885 ecclesiae
1912 821 2060 875 sunt,
2083 815 2253 867 intel-

403 891 652 957 ligantur
678 909 776 957 per
806 891 1156 942 “draconem
1175 891 1199 911 ”
1227 899 1285 943 et
1311 892 1914 958 “pseudoprophetam
1935 891 1978 955 ;'’
2017 899 2075 943 et
2103 893 2253 959 quod

402 971 523 1036 ipsa
550 969 646 1021 illa
673 969 812 1020 fides
841 986 937 1035 per
969 974 1247 1036 “puteum
1276 970 1466 1036 abyssi
1485 970 1509 989 ’'
1538 988 1612 1021 ex
1639 987 1749 1036 quo
1777 969 2030 1022 locustae
2062 971 2254 1023 exive-

402 1055 548 1108 runt,
579 1055 639 1098 ut
673 1055 731 1098 et
759 1065 857 1114 per
881 1052 1196 1114 “magnam
1229 1048 1422 1099 urbem
1455 1066 1595 1115 quae
1629 1048 1995 1114 spiritualiter
2020 1057 2254 1100 vocatur

405 1124 652 1189 Sodoma
673 1134 731 1177 et
755 1126 1109 1192 Aegyptu5‚'’
1131 1127 1222 1177 ubi
1250 1127 1363 1177 bini
1391 1135 1570 1178 testes
1594 1127 1763 1178 occisi
1785 1134 1934 1189 sunt,
1959 1128 2015 1177 in
2034 1127 2254 1193 Apoca-

404 1202 554 1268 lypsz·
578 1203 845 1255 Revelata
876 1212 1167 1255 ostensum
1203 1213 1322 1267 est;
1370 1205 1623 1256 similiter
1656 1206 1804 1272 quod
1843 1206 1918 1256 ibi
1956 1222 2054 1272 per
2087 1205 2255 1257 “No-

404 1298 533 1331 vam
575 1282 1032 1348 Hierosolymam
1049 1282 1072 1301 ''
1106 1282 1270 1334 Nova
1303 1283 1563 1334 Ecclesia
1594 1281 1886 1334 intellecta
1917 1285 2006 1334 sit.
2085 1282 2256 1350 [Vide

403 1360 591 1426 Apoc.,
635 1378 754 1427 cap.
795 1361 891 1422 ix.‚
926 1362 1021 1422 xi„
1064 1362 1178 1422 xii„
1220 1379 1341 1423 xx.,
1385 1362 1530 1428 xxi]
1623 1361 1904 1427 Quoniam
1943 1362 2016 1412 ibi
2055 1363 2257 1412 dicitur

405 1438 554 1505 quod
583 1446 885 1505 postquam
918 1439 1088 1489 draco
1116 1447 1174 1490 et
1202 1439 1701 1506 pseudopropheta
1727 1441 1782 1489 in
1814 1439 2087 1490 infernum
2117 1456 2254 1491 con-

400 1514 532 1583 jecti
572 1524 719 1577 sunt,
756 1535 828 1567 ex
869 1517 1029 1567 caelo
1056 1534 1088 1567 a
1128 1517 1252 1568 Deo
1283 1518 1640 1569 descenderit
1674 1518 1837 1568 Nova
1874 1517 2253 1584 Hiersolyma,

405 1602 567 1662 patet
607 1595 756 1661 quod
802 1603 1103 1661 postquam
1150 1595 1288 1646 fides
1328 1596 1634 1646 hodiernae
1674 1596 1947 1647 ecclesiae
1986 1596 2258 1647 damnata

406 1682 512 1733 est,
545 1673 708 1723 Nova
740 1673 1001 1724 Ecclesia
1032 1691 1062 1724 e
1096 1673 1261 1724 Novo
1295 1673 1469 1725 Caelo
1501 1691 1533 1724 a
1565 1674 1811 1725 Domino
1842 1675 2152 1726 descendat
2192 1691 2255 1726 ac

407 1749 796 1802 ‘flinstituatun
1238 1812 1242 1814 ¹

510 1830 558 1880 6.
613 1830 707 1879 EX
747 1830 832 1879 his
871 1837 1031 1896 patet
1065 1830 1214 1896 quod
1254 1830 1357 1880 nisi
1396 1847 1544 1880 nova
1583 1830 1823 1881 ecclesia
1861 1831 2074 1882 existat
2114 1848 2257 1898 quae

406 1907 599 1957 abolet
632 1907 798 1958 fidem
832 1909 886 1958 in
928 1917 1042 1958 tres
1076 1909 1229 1959 Deos
1258 1916 1315 1958 et
1348 1909 1545 1974 recipit
1578 1907 1744 1958 fidem
1774 1909 1828 1957 in
1857 1925 2026 1958 unum
2054 1909 2255 1970 Deum,

406 1987 487 2036 ita
508 1987 563 2035 in
587 1987 892 2036 Dominum
923 1987 1112 2052 Jesum
1137 1986 1440 2047 Christum,
1471 1994 1529 2037 et
1553 1986 1716 2036 simul
1744 1986 1889 2036 hanc
1919 2003 2046 2037 cum
2074 1987 2257 2038 chari-

406 2071 529 2114 tate
560 2064 615 2113 in
649 2081 815 2114 unam
855 2065 1091 2115 formam
1131 2064 1440 2130 conjungit,
1476 2081 1590 2114 non
1622 2065 1801 2130 possit
1841 2064 1954 2114 ulla
1985 2081 2116 2115 caro
2147 2065 2258 2115 sal-

406 2159 539 2192 vari.

512 2235 559 2287 7.
612 2221 890 2272 Videatur
912 2222 1085 2272 etiam
1107 2238 1289 2288 supra,
1314 2238 1441 2287 pag.
1471 2219 1605 2287 [40],
1629 2221 1778 2287 quod
1805 2221 2120 2287 redemptio
2147 2238 2260 2272 non

407 2305 656 2371 potuerit
689 2303 850 2365 effici,
881 2311 939 2354 et
973 2304 1102 2354 inde
1134 2319 1237 2353 nec
1271 2302 1513 2353 salvatio
1546 2303 1680 2363 dari,
1717 2303 1820 2352 nisi
1853 2319 1886 2352 a
1925 2302 2049 2353 Deo
2081 2303 2261 2352 incar-

408 2391 562 2443 nat0‚
587 2383 667 2432 ita
699 2399 811 2432 non
844 2383 915 2432 ab
943 2382 1053 2432 alio
1085 2397 1252 2447 quam
1285 2398 1317 2431 a
1346 2381 1468 2431 Deo
1498 2381 1882 2446 Redemptore
1912 2380 2042 2446 Jesu
2071 2379 2260 2431 Chris-

408 2469 488 2521 to,
520 2462 648 2527 quia
680 2460 921 2510 salvatio
955 2468 1040 2510 est
1074 2467 1345 2526 perpetua
1372 2459 1722 2524 redemptio:
1765 2466 1885 2509 tum
1914 2459 2084 2509 etiam
2113 2458 2261 2525 quod

410 2539 580 2600 Deus,
623 2539 778 2599 fides,
822 2547 878 2589 et
920 2539 1165 2588 charitas
1205 2538 1316 2588 sint
1356 2538 1464 2587 tria
1501 2537 1825 2587 essentialia
1870 2537 2161 2597 ecclesiae,
2203 2544 2262 2587 et

410 2618 559 2684 quod
610 2619 680 2668 ab
731 2617 839 2668 illis
891 2619 1149 2667 universa
1199 2615 1509 2681 theologia,
1563 2617 1644 2665 ita
1695 2615 1948 2675 ecclesia,
1997 2615 2260 2681 pendeat.

411 2695 599 2762 Quare
638 2697 729 2747 ubi
776 2697 845 2747 de
895 2697 1073 2746 tribus
1119 2695 1228 2746 illis
1277 2693 1418 2744 falsa
1467 2694 1764 2744 traduntur
1813 2701 1871 2743 et
1921 2693 2259 2755 imbuuntur,

410 2775 624 2825 homini
657 2791 769 2824 non
798 2782 885 2824 est
914 2773 1079 2823 saluS.

516 2908 564 2962 7.
623 2893 1149 2959 Clausala—Quod
1178 2909 1345 2944 nemo
1373 2892 1550 2958 possit
1579 2890 1818 2957 posthac
1842 2891 2030 2941 venire
2058 2890 2113 2940 in
2135 2906 2263 2940 cae-

762 2974 876 3024 lum
929 2975 1032 3023 nisi
1083 2974 1136 3023 in
1189 2970 1444 3022 dofflffina
1495 2971 1692 3021 Novae
1740 2969 2033 3020 Ecclesiae
2078 2969 2263 3035 quoad

762 3052 931 3102 fidem
959 3059 1017 3102 et
1040 3052 1215 3101 vitam
1239 3051 1328 3100 sit.
1391 3048 1571 3100 Causa
1593 3056 1698 3109 est,
1723 3049 1850 3114 quia
1872 3047 2095 3097 Novum
2120 3046 2263 3097 Cae-

763 3130 895 3190 lum,
926 3129 1075 3195 quod
1108 3146 1139 3179 a
1173 3127 1419 3178 Domino
1446 3143 1591 3176 nunc
1625 3127 1996 3177 instauratum
2035 3131 2140 3186 est,
2175 3130 2263 3175 est

762 3209 819 3261 in
850 3207 957 3258 fide
990 3215 1048 3258 et
1081 3207 1198 3257 vita
1230 3205 1536 3257 secundum
1569 3204 1723 3255 illam
1756 3203 2090 3255 doctrinam.
