2496 4250
535 415 614 455 ET
654 414 792 468 EJUS
833 413 1160 454 DOCTRINA
1200 413 1654 454 CAELESTI.—N.
1685 413 1802 467 252.
1995 414 2085 465 141

1085 820 1239 890 [xx]

329 1012 450 1072 DE
509 1012 1010 1073 SCRIPTURA
1073 1013 1366 1072 SACRA
1430 1012 1628 1072 SIVE
1688 1011 2002 1071 VERBO.

1055 1206 1267 1214 ———-

230 1293 662 1566 pondo
714 1339 925 1406 absque
976 1339 1324 1390 revelatione
1376 1357 1449 1390 ex
1504 1339 1728 1398 Divino,
1784 1356 1896 1388 non
1951 1339 2093 1389 scire

537 1419 745 1486 aliquid
798 1426 990 1485 potest
1043 1419 1112 1468 de
1152 1420 1271 1468 vita
1322 1426 1573 1478 aeterna,
1610 1435 1678 1468 ne
1726 1418 1950 1484 quidem
1991 1417 2091 1467 ali-

537 1498 667 1564 quid
700 1498 770 1548 de
799 1498 940 1558 De0,
967 1505 1023 1548 et
1057 1497 1239 1548 adhuc
1271 1499 1451 1547 minus
1484 1497 1553 1547 de
1583 1514 1772 1546 amore
1807 1505 1863 1546 et
1898 1495 2005 1546 fide
2038 1497 2092 1545 in

538 1577 758 1643 Ipsum:
815 1593 944 1626 nam
985 1577 1155 1626 homo
1196 1577 1446 1626 nascitur
1478 1577 1532 1626 in
1574 1592 1784 1626 meram
1827 1577 2092 1640 ignoran-

228 1656 384 1714 tiam,
409 1663 467 1706 et
495 1655 623 1705 dein
646 1673 718 1705 ex
749 1656 1045 1705 mundanis
1069 1656 1248 1705 discet
1273 1656 1478 1713 omnia,
1506 1672 1579 1704 ex
1609 1655 1806 1720 quibus
1829 1654 2093 1704 formabit

227 1732 579 1785 intellectum
613 1751 810 1797 suu1n3
860 1735 1109 1784 nascitur
1141 1734 1312 1784 etiam
1348 1751 1421 1783 ex
1455 1733 1795 1784 hereditario
1830 1734 1883 1782 in
1925 1749 2093 1782 omne

228 1813 455 1874 malum,
498 1813 647 1879 quod
687 1821 775 1864 est
821 1828 895 1863 ex
942 1830 1134 1863 amore
1174 1814 1255 1862 sui
1302 1821 1359 1863 et
1407 1814 1631 1875 mundi;
1679 1812 1924 1877 jucunda
1963 1813 2093 1862 inde

226 1900 469 1958 regnant
497 1891 723 1957 jugiter,
760 1900 817 1943 et
858 1900 1171 1957 suggerunt
1213 1891 1350 1942 talia
1390 1909 1531 1957 quae
1572 1909 1600 1942 e
1641 1892 1920 1941 diametro
1962 1899 2093 1942 sunt

229 1979 428 2022 contra
461 1971 744 2020 Divinum.
824 1971 962 2020 Inde
997 1987 1142 2021 nunc
1178 1979 1264 2020 est
1299 1971 1447 2036 quod
1487 1970 1660 2025 homo
1697 1969 1833 2019 nihil
1875 1970 1943 2019 de
1976 1970 2094 2019 vita

228 2058 460 2100 aeterna
487 2050 658 2100 sciat:
701 2049 829 2099 ideo
858 2051 1175 2100 necessario
1204 2050 1307 2100 erit
1337 2049 1627 2108 revelatio,
1659 2067 1732 2099 ex
1762 2066 1869 2115 qua
1898 2049 2056 2098 sciat.

326 2142 488 2197 250.
540 2129 709 2194 Quod
742 2129 894 2179 mala
926 2131 1134 2180 amoris
1162 2130 1245 2178 sui
1284 2137 1341 2179 et
1382 2130 1575 2178 mundi
1607 2130 1881 2186 inducant
1914 2129 2092 2178 talem

227 2207 606 2272 ignorantiam
641 2206 709 2256 de
743 2206 851 2256 illis
884 2224 1026 2273 quae
1060 2215 1190 2257 sunt
1223 2208 1373 2256 vitae
1407 2214 1690 2264 aeternae,
1724 2214 1884 2272 patet
1914 2207 2091 2255 mani-

227 2285 370 2336 feste
410 2285 482 2335 ab
514 2284 621 2334 illis
653 2285 802 2335 intra
835 2285 1170 2347 ecclesiam;
1219 2287 1310 2351 qui
1345 2287 1574 2336 tametsi
1608 2286 1791 2335 sciunt
1826 2302 1899 2334 ex
1933 2302 2092 2334 reve-

227 2363 440 2414 latione
468 2363 616 2430 quod
651 2363 804 2414 Deus
837 2366 926 2424 sit,
957 2365 1107 2430 quod
1137 2365 1354 2414 caelum
1385 2372 1440 2414 et
1476 2364 1748 2414 infernum
1779 2365 1908 2422 sint,
1941 2363 2092 2429 quod

225 2443 344 2492 vita
365 2450 597 2492 aeterna
620 2443 711 2502 sit,
736 2451 793 2493 et
822 2444 970 2509 quod
999 2443 1094 2493 illa
1117 2445 1234 2493 vita
1258 2443 1638 2509 comparanda
1662 2444 1733 2493 sit
1758 2460 1855 2508 per
1878 2443 2088 2492 bonum

226 2522 431 2571 amoris
477 2528 535 2571 et
585 2519 731 2580 fidei,
775 2539 947 2588 usque
1001 2522 1265 2572 labuntur
1315 2523 1370 2570 in
1422 2523 1787 2586 negationem
1841 2522 1933 2572 de‘
1962 2521 2089 2580 illis,

227 2607 345 2650 tam
378 2599 579 2650 eruditi
612 2616 779 2665 quam
820 2618 933 2651 non
967 2602 1186 2651 eruditi.
1265 2601 1404 2651 Inde
1437 2602 1639 2650 iterum
1680 2609 1841 2667 patet
1875 2609 2089 2667 quanta

226 2678 547 2745 ignorantia
579 2677 722 2729 foret
758 2681 801 2729 si
835 2680 989 2730 nulla
1022 2689 1172 2730 esset
1207 2680 1498 2733 revelatio.

324 2771 475 2826 251.
525 2759 665 2810 Cum
698 2760 891 2825 itaque
923 2759 1097 2809 homo
1130 2768 1259 2825 post
1293 2767 1537 2809 mortem
1566 2761 1724 2819 vivit,
1755 2767 1812 2809 et
1852 2767 1988 2809 tunc
2029 2760 2085 2808 in

226 2843 535 2896 aeternum,
571 2845 628 2888 et
668 2836 824 2886 illum
858 2839 1064 2886 manet'
1091 2838 1208 2886 vita
1249 2837 1556 2886 secundum
1591 2837 1706 2902 ejus
1741 2853 1990 2886 amorem
2032 2846 2089 2886 et

226 2911 412 2973 fidem,
442 2917 692 2981 sequitur
720 2915 869 2980 quod
901 2915 1166 2964 Divinum
1196 2932 1268 2964 θΧ
1298 2931 1488 2964 amore
1517 2932 1652 2980 erga
1679 2932 1858 2980 genus
1888 2915 2086 2964 huma-

226 3007 358 3041 num
386 2993 719 3044 revelaverit
753 2993 892 3043 talia
925 3011 1064 3059 quae
1099 2994 1308 3044 ducent
1341 2995 1411 3043 ad
1445 2994 1600 3043 illam
1631 2996 1824 3053 vitam,
1857 3002 1912 3044 et
1947 3010 2083 3043 con·

226 3071 435 3122 ducent
469 3072 637 3123 saluti
670 3072 802 3138 ejus.
880 3071 1047 3138 Quod
1083 3072 1347 3122 Divinum
1375 3072 1649 3123 revelavit
1684 3082 1770 3123 est
1806 3073 1952 3138 apud
1987 3090 2089 3123 nos

226 3148 494 3200 Verbum.

327 3241 479 3295 252.
518 3230 792 3290 Verbum,
817 3231 946 3296 quia
974 3238 1063 3280 est
1091 3231 1370 3280 revelatio
1397 3248 1429 3280 a
1457 3230 1684 3290 Divino,
1708 3239 1795 3280 est
1821 3231 2087 3280 Divinum

224 3306 279 3355 in
308 3307 566 3356 omnibus
594 3315 651 3357 et
681 3307 914 3372 singulis
939 3325 949 3368 ;
992 3323 1121 3356 nam
1147 3307 1294 3372 quod
1325 3324 1356 3356 a
1386 3307 1593 3356 Divino
1622 3316 1727 3365 est,
1754 3323 1864 3356 non
1894 3316 2087 3372 potest

225 3383 390 3434 aliter
429 3402 567 3435 esse.
644 3384 812 3450 Quod
852 3403 883 3435 a
931 3386 1136 3435 Divino
1176 3394 1280 3443 θεῖ,
1324 3385 1378 3434 id
1427 3386 1718 3435 descendit
1761 3403 1858 3450 per
1897 3385 2086 3435 caelos

225 3479 398 3528 usque
438 3463 508 3512 ad
548 3463 869 3526 hominem;
918 3471 1262 3529 quapropter
1294 3465 1348 3513 in
1383 3463 1552 3513 caelis
1586 3465 2081 3514 accommodatum

227 3548 314 3590 θεῖ
347 3541 657 3605 sapientiae
690 3541 1019 3606 angelorum
1054 3543 1145 3605 qui
1185 3542 1275 3600 ibi,
1311 3550 1367 3591 et
1402 3543 1455 3590 in
1490 3543 1651 3591 terris
1684 3543 2081 3591 accommoda-

226 3626 348 3668 tum
377 3626 464 3668 est
493 3620 680 3684 captui
709 3619 998 3668 hominum
1022 3621 1112 3685 qui
1142 3620 1245 3669 ibi:
1282 3637 1450 3684 quare
1479 3620 1533 3668 in
1558 3619 1750 3668 Verbo
1773 3628 1859 3669 θεῖ
1889 3637 2083 3670 sensus

225 3696 495 3757 internuS,
517 3698 607 3762 qui
629 3697 950 3762 spirituali5‚
972 3714 1072 3762 pro
1095 3697 1312 3763 angelis
1334 3715 1345 3760 ;
1381 3705 1438 3748 et
1462 3714 1657 3748 sensus
1681 3706 1968 3758 θΧῖθτηυε,
1990 3700 2081 3765 qui
