2496 4250
578 403 658 444 ET
697 402 836 457 EJUS
874 402 1203 444 DOCTRINA
1241 403 1697 445 CAELEST1.-—N.
1737 408 1848 460 129.
2062 396 2142 460 283

372 539 519 600 Quod
552 540 831 585 humiliatio
862 541 1025 586 cordis
1057 542 1188 599 apud
1216 541 1468 588 hominem
1496 545 1674 591 existat
1697 558 1755 588 ex
1778 545 2031 602 agnitione
2053 546 2144 596 sui,

285 612 412 656 quae
433 608 508 644 est
533 600 667 656 quod
701 613 801 643 non
833 600 899 643 sit
921 600 1014 644 nisi
1047 615 1193 658 quam
1218 602 1415 652 malum,
1439 611 1488 646 et
1511 604 1646 659 quod
1669 617 1729 647 ex
1751 618 1802 647 se
1817 604 1939 647 nihil
1965 606 2144 659 possit:

282 666 333 702 et
364 671 424 702 ex
454 658 708 716 agnitione
732 657 932 702 Domini
959 666 1092 709 tunc,
1115 674 1241 716 quae
1263 669 1338 704 est
1361 662 1493 717 quod
1522 663 1583 704 ab
1613 661 1727 718 Ipso
1750 676 1848 705 non
1878 662 1970 706 nisi
1994 676 2142 719 quam

281 716 480 767 bonum,
503 725 553 760 et
575 717 708 774 quod
734 716 978 761 Dominus
1000 719 1168 762 omnia
1191 719 1347 775 possit
1373 722 1438 774 (n.
1459 731 1584 776 2327,
1606 732 1732 775 3994,
1757 721 1906 775 7478).

371 773 519 833 Quod
564 774 798 818 Divinum
842 775 1045 819 influere
1082 786 1295 834 nequeat
1332 778 1425 822 nisi
1459 779 1506 821 in
1550 793 1635 822 cor
1658 780 1868 830 humile;
1907 780 2142 836 quoniam

281 833 446 884 homo,
459 833 771 900 quantum-in
790 834 1132 879 humiliatione
1155 844 1244 886 est,
1261 844 1454 880 tantum
1478 851 1507 880 a
1529 851 1619 880 suo
1638 838 1836 894 proprio
1859 839 2035 882 absens
2054 848 2142 889 est,

281 891 348 936 ita
369 893 431 936 ab
451 905 617 935 amore
639 906 713 936 sui
740 895 804 948 (n.
828 905 955 948 3994,
977 904 1106 948 4347,
1134 896 1280 950 5957).

369 949 503 1001 Inde,
526 951 660 1007 quod
696 950 940 995 Dominus
978 965 1078 995 non
1109 953 1230 996 velit
1267 953 1661 997 humiliationem
1701 963 1903 1011 propter
1941 955 2016 1006 Se,
2055 956 2142 999 sed

278 1017 480 1066 propter
497 1009 762 1061 hominem,
786 1016 841 1053 nt
862 1010 1016 1054 homo
1037 1010 1102 1055 sit
1125 1011 1173 1054 in
1196 1019 1329 1055 statu
1348 1013 1615 1069 recipiendi
1638 1013 1872 1056 Divinum
1900 1015 1964 1070 (n.
1982 1026 2039 1070 43
2047 1013 2143 1071 57[?

277 1068 707 1184 4347Q]u‹⁵)(915{:)u1tus
739 1140 839 1171 non
871 1127 936 1172 sit
973 1128 1135 1172 cultus
1166 1129 1352 1186 absque
1390 1129 1732 1174 humiliatione
1770 1132 1834 1187 (n.
1863 1142 1989 1187 2327,
2015 1144 2143 1187 2423,

278 1183 662 1288 8873hmiliatio
685 1252 888 1288 externa
908 1246 1093 1302 absque
1117 1246 1320 1296 interna,
1340 1247 1498 1303 qualis
1525 1249 1588 1302 (n.
1612 1258 1735 1302 5420,
1755 1249 1906 1304 9377).

369 1301 666 1348 Humiliatio
687 1303 851 1347 cordis
873 1317 1002 1361 quae
1026 1304 1231 1355 interna,
1255 1306 1413 1361 qualis
1440 1308 1503 1361 (n.
1528 1306 1676 1361 7478).

365 1359 513 1420 Quod
536 1375 635 1405 non
658 1362 803 1406 detur
824 1363 1104 1407 humiliatio
1126 1364 1290 1408 cordis
1311 1365 1443 1420 apud
1468 1366 1623 1408 malos
1650 1367 1714 1420 (n.
1739 1365 1889 1421 7640).

365 1458 515 1518 Quod
538 1460 703 1505 cultus
725 1470 955 1506 externus
976 1462 1162 1519 absque
1183 1463 1319 1506 cultu
1345 1463 1539 1508 interno
1563 1465 1624 1508 sit
1641 1465 1736 1509 illis
1759 1466 1844 1522 qui
1868 1479 1967 1509 non
1984 1466 2144 1510 chari-

276 1526 431 1563 tatem
454 1527 504 1563 et
527 1519 674 1564 fidem
703 1520 886 1564 habent
911 1523 976 1577 (n.
1000 1522 1145 1576 1200).

365 1576 416 1622 si
441 1577 645 1622 interius
667 1579 798 1636 apud
821 1579 1073 1624 hominem
1090 1589 1263 1638 regnat
1283 1594 1424 1624 amor
1446 1582 1519 1625 sui
1544 1590 1594 1625 et
1618 1583 1803 1633 mundi,
1822 1584 1956 1640 quod
1980 1584 2142 1628 cultus

274 1636 385 1694 *ejus
405 1636 471 1680 sit
491 1645 723 1681 externus
745 1639 930 1695 absque
953 1639 1161 1690 interno,
1184 1648 1437 1697 utcunque
1461 1641 1509 1683 in
1533 1650 1737 1686 externa
1758 1643 1917 1686 forma
1938 1651 2143 1700 apparet

281 1699 346 1751 (n.
374 1695 496 1745 1182,
524 1698 874 1752 10307-10309).
1784 1720 1792 1732 ÷

365 1753 514 1812 Quod
551 1755 714 1798 cultus
751 1764 983 1800 externus
1021 1756 1070 1799 in
1106 1770 1206 1813 quo
1244 1757 1377 1801 intus
1414 1771 1554 1802 amor
1591 1759 1664 1802 sui
1709 1767 1893 1817 regnat,
1931 1761 2144 1817 qualiter

277 1814 408 1870 apud
443 1813 552 1857 illos
583 1813 667 1871 qui
699 1828 726 1858 e
760 1814 1045 1872 Babylonia,
1072 1815 1137 1859 sit
1170 1816 1405 1872 profanus
1442 1820 1505 1872 (n.
1546 1830 1668 1872 1304,
1707 1819 1977 1875 1306-1308,
2017 1832 2141 1874 1321,

283 1883 407 1928 1322,
435 1873 581 1927 1326).

369 1929 557 1974 Imitari
589 1930 876 1976 affectiones
908 1932 1144 1977 caelestes
1168 1933 1215 1976 in
1239 1934 1390 1985 cultu,
1413 1948 1526 1978 curn
1560 1935 1712 1979 homo
1738 1944 1814 1980 est
1836 1936 1885 1979 in
1909 1937 2050 1981 malis
2082 1951 2143 1980 ex

272 1997 445 2035 'amore
468 1989 557 2041 sui,
579 1991 714 2047 quod
736 1990 800 2034 sit
823 1990 1060 2035 infernale
1086 1994 1150 2048 (n.
1179 1993 1354 2049 10309).

367 2109 442 2155 De
464 2111 601 2154 cultu
634 2119 852 2163 externo,
879 2113 1037 2168 qualis
1067 2120 1145 2157 est
1176 2126 1289 2157 cum
1322 2127 1382 2158 ex
1415 2115 1624 2166 interno,
1648 2123 1698 2159 et
1723 2115 1880 2172 qualis
1905 2130 2018 2160 cum
2041 2131 2142 2161 non

277 2190 339 2222 ex
361 2177 570 2228 interno,
592 2177 749 2222 videri
771 2186 822 2222 et
843 2179 1074 2223 concludi
1107 2189 1273 2237 potest
1305 2195 1366 2225 ex
1398 2182 1493 2226 illis
1526 2196 1651 2239 quae
1674 2183 1808 2239 prius
1841 2183 1903 2227 de
1939 2183 2143 2228 Interno

277 2252 330 2289 et
354 2244 569 2289 Externo
593 2244 811 2290 Homine
834 2245 967 2290 diffita
987 2255 1038 2291 et
1059 2247 1208 2292 allata
1229 2257 1358 2293 sunt.

370 2365 464 2421 (De
483 2365 578 2410 illis
593 2365 679 2423 qui
695 2366 929 2410 abdicant
947 2368 1201 2418 mundum,
1217 2381 1273 2412 ac
1290 2369 1352 2412 de
1376 2369 1471 2412 illis
1486 2370 1568 2426 qui
1593 2383 1692 2413 non
1710 2370 1956 2422 abdicant,
1972 2371 2142 2428 quales

278 2432 408 2475 sunt,
427 2431 478 2469 et
498 2425 656 2481 qualis
677 2438 784 2470 sors
805 2439 975 2470 eorum
1000 2426 1049 2469 in
1072 2427 1227 2470 altera
1247 2427 1361 2477 vita,
1379 2428 1642 2471 videantur
1664 2429 1803 2486 plura
1825 2429 1874 2472 in
1897 2443 2045 2486 opere
2067 2432 2144 2474 De

281 2483 416 2527 Caelo
435 2488 482 2526 et
500 2484 716 2541 Inferna,
739 2497 796 2527 ac
818 2484 867 2527 in
890 2484 1017 2528 binis
1045 2485 1111 2528 ibi
1133 2486 1374 2536 articulis;
1409 2487 1457 2529 in
1481 2501 1594 2536 uno,
1614 2487 1696 2530 ubi
1722 2487 1796 2532 De
1821 2487 2069 2532 Divitibus
2091 2497 2143 2533 et

281 2540 586 2598 Pauperibus
608 2542 657 2585 in
681 2542 845 2594 Caelo,
869 2557 915 2587 n.
940 2544 1154 2600 357—365‚
1178 2552 1228 2588 et
1251 2545 1300 2588 in
1323 2546 1492 2596 altero,
1512 2546 1594 2590 ubi
1621 2546 1694 2591 De
1717 2546 1835 2591 Vita
1855 2561 1982 2604 quae
2003 2547 2143 2592 ducit

283 2601 347 2644 ad
371 2599 589 2652 Caelum,
612 2615 658 2645 n.
685 2602 854 2658 528-53
861 2612 897 2658 5,
921 2602 1116 2660 agitur.)
2115 2614 2120 2635 1
