<?xml version="1.0" encoding="UTF-8"?>
<!DOCTYPE html PUBLIC "-//W3C//DTD XHTML 1.0 Transitional//EN"
    "http://www.w3.org/TR/xhtml1/DTD/xhtml1-transitional.dtd">
<html xmlns="http://www.w3.org/1999/xhtml" xml:lang="en" lang="en">
 <head>
  <title>
</title>
<meta http-equiv="Content-Type" content="text/html;charset=utf-8" />
  <meta name='ocr-system' content='tesseract 3.04.00' />
  <meta name='ocr-capabilities' content='ocr_page ocr_carea ocr_par ocr_line ocrx_word'/>
</head>
<body>
  <div class='ocr_page' id='page_1' title='image "1885denovahieros00sweduoft_0101.png"; bbox 0 0 2496 4250; ppageno 0'>
   <div class='ocr_carea' id='block_1_1' title="bbox 546 397 2108 464">
    <p class='ocr_par' dir='ltr' id='par_1_1' title="bbox 546 397 2108 464">
     <span class='ocr_line' id='line_1_1' title="bbox 546 397 2108 464; baseline 0.004 -22"><span class='ocrx_word' id='word_1_1' title='bbox 546 402 625 443; x_wconf 89' lang='lat' dir='ltr'>ET</span> <span class='ocrx_word' id='word_1_2' title='bbox 665 403 804 456; x_wconf 81' lang='lat' dir='ltr'>EJus</span> <span class='ocrx_word' id='word_1_3' title='bbox 842 403 1171 445; x_wconf 81' lang='lat' dir='ltr'><strong>DOCTRINA</strong></span> <span class='ocrx_word' id='word_1_4' title='bbox 1210 405 1663 447; x_wconf 77' lang='lat' dir='ltr'>CAELEST1.——N.</span> <span class='ocrx_word' id='word_1_5' title='bbox 1704 397 1815 462; x_wconf 85' lang='lat'>158.</span> <span class='ocrx_word' id='word_1_6' title='bbox 2045 408 2108 464; x_wconf 82' lang='lat'>95</span> 
     </span>
    </p>
   </div>
   <div class='ocr_carea' id='block_1_2' title="bbox 337 545 2116 762">
    <p class='ocr_par' dir='ltr' id='par_1_2' title="bbox 337 545 2116 762">
     <span class='ocr_line' id='line_1_2' title="bbox 337 545 2115 599; baseline 0.001 -13"><span class='ocrx_word' id='word_1_7' title='bbox 337 546 361 564; x_wconf 82' lang='lat'>‘⁴</span> <span class='ocrx_word' id='word_1_8' title='bbox 377 545 439 586; x_wconf 91' lang='lat' dir='ltr'>Si.</span> <span class='ocrx_word' id='word_1_9' title='bbox 459 546 636 586; x_wconf 87' lang='lat' dir='ltr'>.amatis</span> <span class='ocrx_word' id='word_1_10' title='bbox 658 559 735 585; x_wconf 87' lang='lat' dir='ltr'>eos</span> <span class='ocrx_word' id='word_1_11' title='bbox 759 547 830 597; x_wconf 91' lang='lat' dir='ltr'>qui</span> <span class='ocrx_word' id='word_1_12' title='bbox 854 558 935 586; x_wconf 89' lang='lat' dir='ltr'>vos</span> <span class='ocrx_word' id='word_1_13' title='bbox 957 554 1121 594; x_wconf 89' lang='lat' dir='ltr'>amant,</span> <span class='ocrx_word' id='word_1_14' title='bbox 1145 560 1255 598; x_wconf 88' lang='lat' dir='ltr'>quae</span> <span class='ocrx_word' id='word_1_15' title='bbox 1277 549 1404 588; x_wconf 90' lang='lat' dir='ltr'>vobis</span> <span class='ocrx_word' id='word_1_16' title='bbox 1426 549 1567 598; x_wconf 84' lang='lat' dir='ltr'>gratia</span> <span class='ocrx_word' id='word_1_17' title='bbox 1591 550 1704 589; x_wconf 85' lang='lat' dir='ltr'>est?.</span> <span class='ocrx_word' id='word_1_18' title='bbox 1724 580 1732 589; x_wconf 88' lang='lat'><strong>.</strong></span> <span class='ocrx_word' id='word_1_19' title='bbox 1751 580 1759 588; x_wconf 94' lang='lat'><strong>.</strong></span> <span class='ocrx_word' id='word_1_20' title='bbox 1779 561 1922 588; x_wconf 87' lang='lat' dir='ltr'>.nam.</span> <span class='ocrx_word' id='word_1_21' title='bbox 1941 562 2115 599; x_wconf 81' lang='lat' dir='ltr'>,pecca-</span> 
     </span>
     <span class='ocr_line' id='line_1_3' title="bbox 471 601 2115 650; baseline 0.002 -11"><span class='ocrx_word' id='word_1_22' title='bbox 471 609 591 640; x_wconf 86' lang='lat' dir='ltr'>tores</span> <span class='ocrx_word' id='word_1_23' title='bbox 617 602 732 640; x_wconf 91' lang='lat' dir='ltr'>idem</span> <span class='ocrx_word' id='word_1_24' title='bbox 757 601 938 640; x_wconf 77' lang='lat' dir='ltr'>faciunt.</span> <span class='ocrx_word' id='word_1_25' title='bbox 977 632 986 641; x_wconf 87' lang='lat'><strong>.</strong></span> <span class='ocrx_word' id='word_1_26' title='bbox 1006 632 1014 640; x_wconf 96' lang='lat'>.</span> <span class='ocrx_word' id='word_1_27' title='bbox 1032 633 1041 641; x_wconf 87' lang='lat'><strong>.</strong></span> <span class='ocrx_word' id='word_1_28' title='bbox 1060 633 1068 641; x_wconf 85' lang='lat'><strong>.</strong></span> <span class='ocrx_word' id='word_1_29' title='bbox 1083 602 1237 641; x_wconf 89' lang='lat' dir='ltr'>Potius</span> <span class='ocrx_word' id='word_1_30' title='bbox 1259 611 1404 641; x_wconf 83' lang='lat' dir='ltr'>amate</span> <span class='ocrx_word' id='word_1_31' title='bbox 1430 604 1635 642; x_wconf 90' lang='lat' dir='ltr'>inimicos</span> <span class='ocrx_word' id='word_1_32' title='bbox 1657 611 1844 650; x_wconf 84' lang='lat' dir='ltr'>vestros,</span> <span class='ocrx_word' id='word_1_33' title='bbox 1867 611 1910 642; x_wconf 93' lang='lat' dir='ltr'>et</span> <span class='ocrx_word' id='word_1_34' title='bbox 1934 604 2115 642; x_wconf 86' lang='lat' dir='ltr'>benefa-</span> 
     </span>
     <span class='ocr_line' id='line_1_4' title="bbox 472 656 2116 707; baseline 0.002 -13"><span class='ocrx_word' id='word_1_35' title='bbox 472 656 569 702; x_wconf 87' lang='lat' dir='ltr'>cite,</span> <span class='ocrx_word' id='word_1_36' title='bbox 591 663 723 706; x_wconf 87' lang='lat' dir='ltr'>atque</span> <span class='ocrx_word' id='word_1_37' title='bbox 754 663 907 695; x_wconf 89' lang='lat' dir='ltr'>mutuo</span> <span class='ocrx_word' id='word_1_38' title='bbox 932 656 1044 702; x_wconf 90' lang='lat' dir='ltr'>date,</span> <span class='ocrx_word' id='word_1_39' title='bbox 1069 657 1195 696; x_wconf 92' lang='lat' dir='ltr'><strong>nihil.</strong></span> <span class='ocrx_word' id='word_1_40' title='bbox 1215 666 1493 707; x_wconf 84' lang='lat' dir='ltr'>,sperantes;</span> <span class='ocrx_word' id='word_1_41' title='bbox 1529 666 1632 697; x_wconf 91' lang='lat' dir='ltr'>tunc</span> <span class='ocrx_word' id='word_1_42' title='bbox 1663 659 1745 697; x_wconf 89' lang='lat' dir='ltr'>erit</span> <span class='ocrx_word' id='word_1_43' title='bbox 1770 670 1938 697; x_wconf 88' lang='lat' dir='ltr'><strong>merces</strong></span> <span class='ocrx_word' id='word_1_44' title='bbox 1966 667 2116 697; x_wconf 89' lang='lat' dir='ltr'>vestra</span> 
     </span>
     <span class='ocr_line' id='line_1_5' title="bbox 470 710 1507 762; baseline 0.003 -14"><span class='ocrx_word' id='word_1_45' title='bbox 470 722 645 760; x_wconf 86' lang='lat' dir='ltr'>magna,</span> <span class='ocrx_word' id='word_1_46' title='bbox 668 717 711 748; x_wconf 92' lang='lat' dir='ltr'>et</span> <span class='ocrx_word' id='word_1_47' title='bbox 732 710 854 749; x_wconf 90' lang='lat' dir='ltr'>eritis</span> <span class='ocrx_word' id='word_1_48' title='bbox 877 710 952 749; x_wconf 87' lang='lat' dir='ltr'>filii</span> <span class='ocrx_word' id='word_1_49' title='bbox 974 710 1194 750; x_wconf 83' lang='lat' dir='ltr'>Altissimi</span> <span class='ocrx_word' id='word_1_50' title='bbox 1210 711 1231 724; x_wconf 91' lang='lat'>”</span> <span class='ocrx_word' id='word_1_51' title='bbox 1253 713 1324 761; x_wconf 85' lang='lat' dir='ltr'>(vi.</span> <span class='ocrx_word' id='word_1_52' title='bbox 1343 712 1507 762; x_wconf 83' lang='lat'><strong>32-35).</strong></span> 
     </span>
    </p>
   </div>
   <div class='ocr_carea' id='block_1_3' title="bbox 254 827 2112 975">
    <p class='ocr_par' dir='ltr' id='par_1_3' title="bbox 254 827 2112 975">
     <span class='ocr_line' id='line_1_6' title="bbox 256 827 2112 896; baseline 0.001 -17"><span class='ocrx_word' id='word_1_53' title='bbox 256 827 423 894; x_wconf 82' lang='lat' dir='ltr'>Quod</span> <span class='ocrx_word' id='word_1_54' title='bbox 456 829 626 880; x_wconf 91' lang='lat' dir='ltr'>homo</span> <span class='ocrx_word' id='word_1_55' title='bbox 659 846 772 880; x_wconf 90' lang='lat' dir='ltr'>non</span> <span class='ocrx_word' id='word_1_56' title='bbox 805 831 983 896; x_wconf 83' lang='lat' dir='ltr'>possit</span> <span class='ocrx_word' id='word_1_57' title='bbox 1017 830 1199 881; x_wconf 89' lang='lat' dir='ltr'>facere</span> <span class='ocrx_word' id='word_1_58' title='bbox 1231 832 1442 882; x_wconf 90' lang='lat' dir='ltr'>bonum</span> <span class='ocrx_word' id='word_1_59' title='bbox 1475 849 1549 882; x_wconf 87' lang='lat' dir='ltr'>ex</span> <span class='ocrx_word' id='word_1_60' title='bbox 1583 849 1642 883; x_wconf 91' lang='lat' dir='ltr'>se</span> <span class='ocrx_word' id='word_1_61' title='bbox 1676 839 1735 883; x_wconf 93' lang='lat' dir='ltr'>ut</span> <span class='ocrx_word' id='word_1_62' title='bbox 1769 832 1843 883; x_wconf 91' lang='lat' dir='ltr'>sit</span> <span class='ocrx_word' id='word_1_63' title='bbox 1882 831 2112 893; x_wconf 90' lang='lat' dir='ltr'>bonum,</span> 
     </span>
     <span class='ocr_line' id='line_1_7' title="bbox 254 908 1498 975; baseline 0.002 -17"><span class='ocrx_word' id='word_1_64' title='bbox 254 908 426 958; x_wconf 89' lang='lat' dir='ltr'>etiam</span> <span class='ocrx_word' id='word_1_65' title='bbox 459 908 628 959; x_wconf 93' lang='lat' dir='ltr'>docet</span> <span class='ocrx_word' id='word_1_66' title='bbox 663 908 957 970; x_wconf 80' lang='lat' dir='ltr'>DominuS,</span> <span class='ocrx_word' id='word_1_67' title='bbox 988 910 1136 975; x_wconf 87' lang='lat' dir='ltr'>apud</span> <span class='ocrx_word' id='word_1_68' title='bbox 1164 909 1498 971; x_wconf 79' lang='lat' dir='ltr'>Jolzannem,</span> 
     </span>
    </p>
   </div>
   <div class='ocr_carea' id='block_1_4' title="bbox 335 1017 2114 1072">
    <p class='ocr_par' dir='ltr' id='par_1_4' title="bbox 335 1017 2114 1072">
     <span class='ocr_line' id='line_1_8' title="bbox 335 1017 2114 1072; baseline 0.002 -15"><span class='ocrx_word' id='word_1_69' title='bbox 335 1020 359 1036; x_wconf 80' lang='lat'>⁴⁸</span> <span class='ocrx_word' id='word_1_70' title='bbox 375 1017 475 1058; x_wconf 92' lang='lat' dir='ltr'>Non</span> <span class='ocrx_word' id='word_1_71' title='bbox 491 1026 638 1069; x_wconf 90' lang='lat' dir='ltr'>potest</span> <span class='ocrx_word' id='word_1_72' title='bbox 654 1019 789 1058; x_wconf 90' lang='lat' dir='ltr'>homo</span> <span class='ocrx_word' id='word_1_73' title='bbox 806 1031 981 1059; x_wconf 88' lang='lat' dir='ltr'>sumere</span> <span class='ocrx_word' id='word_1_74' title='bbox 996 1021 1243 1072; x_wconf 90' lang='lat' dir='ltr'>quicquam,</span> <span class='ocrx_word' id='word_1_75' title='bbox 1263 1021 1346 1059; x_wconf 91' lang='lat' dir='ltr'>nisi</span> <span class='ocrx_word' id='word_1_76' title='bbox 1369 1021 1426 1060; x_wconf 91' lang='lat' dir='ltr'>sit</span> <span class='ocrx_word' id='word_1_77' title='bbox 1443 1021 1594 1061; x_wconf 90' lang='lat' dir='ltr'>datum</span> <span class='ocrx_word' id='word_1_78' title='bbox 1617 1022 1679 1061; x_wconf 94' lang='lat' dir='ltr'>illi</span> <span class='ocrx_word' id='word_1_79' title='bbox 1701 1034 1724 1061; x_wconf 94' lang='lat' dir='ltr'>e</span> <span class='ocrx_word' id='word_1_80' title='bbox 1747 1022 1870 1061; x_wconf 91' lang='lat' dir='ltr'>caelo</span> <span class='ocrx_word' id='word_1_81' title='bbox 1886 1021 1908 1036; x_wconf 87' lang='lat'>’&#39;</span> <span class='ocrx_word' id='word_1_82' title='bbox 1926 1022 2001 1072; x_wconf 90' lang='lat' dir='ltr'>(iii.</span> <span class='ocrx_word' id='word_1_83' title='bbox 2022 1021 2088 1072; x_wconf 89' lang='lat'>27)</span> <span class='ocrx_word' id='word_1_84' title='bbox 2105 1036 2114 1062; x_wconf 89' lang='lat'>:</span> 
     </span>
    </p>
   </div>
   <div class='ocr_carea' id='block_1_5' title="bbox 254 1139 495 1202">
    <p class='ocr_par' dir='ltr' id='par_1_5' title="bbox 254 1139 495 1202">
     <span class='ocr_line' id='line_1_9' title="bbox 254 1139 495 1202; baseline -0.004 -11"><span class='ocrx_word' id='word_1_85' title='bbox 254 1146 312 1191; x_wconf 89' lang='lat' dir='ltr'>et</span> <span class='ocrx_word' id='word_1_86' title='bbox 345 1139 495 1202; x_wconf 88' lang='lat' dir='ltr'>alibi,</span> 
     </span>
    </p>
   </div>
   <div class='ocr_carea' id='block_1_6' title="bbox 332 1233 2118 1465">
    <p class='ocr_par' dir='ltr' id='par_1_6' title="bbox 332 1233 2118 1397">
     <span class='ocr_line' id='line_1_10' title="bbox 332 1233 2118 1290; baseline 0.001 -16"><span class='ocrx_word' id='word_1_87' title='bbox 332 1233 464 1287; x_wconf 90' lang='lat' dir='ltr'>Jesus</span> <span class='ocrx_word' id='word_1_88' title='bbox 481 1235 604 1281; x_wconf 88' lang='lat' dir='ltr'>dixit,</span> <span class='ocrx_word' id='word_1_89' title='bbox 625 1235 755 1286; x_wconf 85' lang='lat' dir='ltr'>“Ego</span> <span class='ocrx_word' id='word_1_90' title='bbox 773 1249 871 1276; x_wconf 90' lang='lat' dir='ltr'>sum</span> <span class='ocrx_word' id='word_1_91' title='bbox 889 1237 1017 1290; x_wconf 79' lang='lat' dir='ltr'>Vitis,</span> <span class='ocrx_word' id='word_1_92' title='bbox 1034 1250 1115 1276; x_wconf 91' lang='lat' dir='ltr'>vos</span> <span class='ocrx_word' id='word_1_93' title='bbox 1133 1237 1339 1287; x_wconf 87' lang='lat' dir='ltr'>palmites</span> <span class='ocrx_word' id='word_1_94' title='bbox 1359 1236 1415 1281; x_wconf 87' lang='lat'>:”.</span> <span class='ocrx_word' id='word_1_95' title='bbox 1435 1268 1444 1277; x_wconf 92' lang='lat'>.</span> <span class='ocrx_word' id='word_1_96' title='bbox 1461 1267 1470 1277; x_wconf 88' lang='lat'><strong>.</strong></span> <span class='ocrx_word' id='word_1_97' title='bbox 1489 1238 1532 1276; x_wconf 89' lang='lat'>.“</span> <span class='ocrx_word' id='word_1_98' title='bbox 1545 1237 1656 1275; x_wconf 88' lang='lat' dir='ltr'>sicut</span> <span class='ocrx_word' id='word_1_99' title='bbox 1674 1236 1843 1287; x_wconf 90' lang='lat' dir='ltr'>palmes</span> <span class='ocrx_word' id='word_1_100' title='bbox 1862 1249 1951 1274; x_wconf 90' lang='lat' dir='ltr'>non</span> <span class='ocrx_word' id='word_1_101' title='bbox 1970 1244 2118 1286; x_wconf 90' lang='lat' dir='ltr'>potest</span> 
     </span>
     <span class='ocr_line' id='line_1_11' title="bbox 469 1289 2117 1338; baseline 0.001 -10"><span class='ocrx_word' id='word_1_102' title='bbox 469 1289 586 1329; x_wconf 81' lang='lat' dir='ltr'>ferre</span> <span class='ocrx_word' id='word_1_103' title='bbox 607 1289 799 1330; x_wconf 63' lang='lat' dir='ltr'>studium</span> <span class='ocrx_word' id='word_1_104' title='bbox 821 1304 848 1330; x_wconf 90' lang='lat' dir='ltr'>a</span> <span class='ocrx_word' id='word_1_105' title='bbox 868 1300 1022 1338; x_wconf 90' lang='lat' dir='ltr'>semet,</span> <span class='ocrx_word' id='word_1_106' title='bbox 1046 1293 1131 1330; x_wconf 91' lang='lat' dir='ltr'>nisi</span> <span class='ocrx_word' id='word_1_107' title='bbox 1153 1292 1368 1331; x_wconf 86' lang='lat' dir='ltr'>manserit</span> <span class='ocrx_word' id='word_1_108' title='bbox 1389 1292 1433 1330; x_wconf 88' lang='lat' dir='ltr'>in</span> <span class='ocrx_word' id='word_1_109' title='bbox 1457 1292 1559 1338; x_wconf 84' lang='lat' dir='ltr'>vite,</span> <span class='ocrx_word' id='word_1_110' title='bbox 1579 1292 1639 1330; x_wconf 90' lang='lat' dir='ltr'>ita</span> <span class='ocrx_word' id='word_1_111' title='bbox 1661 1304 1741 1330; x_wconf 90' lang='lat' dir='ltr'>nec</span> <span class='ocrx_word' id='word_1_112' title='bbox 1762 1303 1844 1330; x_wconf 92' lang='lat' dir='ltr'>vos</span> <span class='ocrx_word' id='word_1_113' title='bbox 1867 1292 1950 1330; x_wconf 87' lang='lat' dir='ltr'>nisi</span> <span class='ocrx_word' id='word_1_114' title='bbox 1974 1292 2017 1329; x_wconf 90' lang='lat' dir='ltr'>in</span> <span class='ocrx_word' id='word_1_115' title='bbox 2043 1291 2117 1330; x_wconf 91' lang='lat' dir='ltr'>Me</span> 
     </span>
     <span class='ocr_line' id='line_1_12' title="bbox 470 1343 2117 1397; baseline 0 -14"><span class='ocrx_word' id='word_1_116' title='bbox 470 1345 726 1383; x_wconf 87' lang='lat' dir='ltr'>manseritis</span> <span class='ocrx_word' id='word_1_117' title='bbox 744 1359 773 1385; x_wconf 76' lang='grc' dir='ltr'>ε.</span> <span class='ocrx_word' id='word_1_118' title='bbox 793 1377 801 1385; x_wconf 91' lang='grc'><strong>.</strong></span> <span class='ocrx_word' id='word_1_119' title='bbox 819 1377 828 1385; x_wconf 94' lang='grc'><strong>.</strong></span> <span class='ocrx_word' id='word_1_120' title='bbox 847 1343 984 1397; x_wconf 81' lang='lat' dir='ltr'>.[¹]qui</span> <span class='ocrx_word' id='word_1_121' title='bbox 1010 1354 1162 1385; x_wconf 91' lang='lat' dir='ltr'>manet</span> <span class='ocrx_word' id='word_1_122' title='bbox 1187 1347 1231 1385; x_wconf 92' lang='lat' dir='ltr'>in</span> <span class='ocrx_word' id='word_1_123' title='bbox 1261 1346 1336 1385; x_wconf 94' lang='lat' dir='ltr'>Me</span> <span class='ocrx_word' id='word_1_124' title='bbox 1362 1354 1405 1385; x_wconf 93' lang='lat' dir='ltr'>et</span> <span class='ocrx_word' id='word_1_125' title='bbox 1438 1345 1532 1396; x_wconf 87' lang='lat' dir='ltr'>Ego</span> <span class='ocrx_word' id='word_1_126' title='bbox 1560 1347 1602 1384; x_wconf 93' lang='lat' dir='ltr'>in</span> <span class='ocrx_word' id='word_1_127' title='bbox 1636 1346 1726 1393; x_wconf 90' lang='lat' dir='ltr'>illo,</span> <span class='ocrx_word' id='word_1_128' title='bbox 1754 1346 1789 1384; x_wconf 93' lang='lat' dir='ltr'>is</span> <span class='ocrx_word' id='word_1_129' title='bbox 1815 1345 1900 1384; x_wconf 85' lang='lat' dir='ltr'>fert</span> <span class='ocrx_word' id='word_1_130' title='bbox 1925 1343 2117 1384; x_wconf 66' lang='lat' dir='ltr'>fructum</span> 
     </span>
    </p>

    <p class='ocr_par' dir='ltr' id='par_1_7' title="bbox 412 1399 2098 1465">
     <span class='ocr_line' id='line_1_13' title="bbox 412 1399 2098 1465; baseline 0.001 -28"><span class='ocrx_word' id='word_1_131' title='bbox 412 1450 418 1465; x_wconf 46' lang='lat'><strong><em>¹</em></strong></span> <span class='ocrx_word' id='word_1_132' title='bbox 471 1399 685 1446; x_wconf 88' lang='lat' dir='ltr'>multum;</span> <span class='ocrx_word' id='word_1_133' title='bbox 717 1412 819 1438; x_wconf 90' lang='lat' dir='ltr'>nam</span> <span class='ocrx_word' id='word_1_134' title='bbox 843 1401 928 1440; x_wconf 91' lang='lat' dir='ltr'>nisi</span> <span class='ocrx_word' id='word_1_135' title='bbox 950 1413 977 1439; x_wconf 94' lang='lat' dir='ltr'>a</span> <span class='ocrx_word' id='word_1_136' title='bbox 1000 1400 1075 1439; x_wconf 93' lang='lat' dir='ltr'>Me</span> <span class='ocrx_word' id='word_1_137' title='bbox 1099 1413 1189 1439; x_wconf 92' lang='lat' dir='ltr'>non</span> <span class='ocrx_word' id='word_1_138' title='bbox 1212 1401 1399 1452; x_wconf 89' lang='lat' dir='ltr'>potestis</span> <span class='ocrx_word' id='word_1_139' title='bbox 1421 1401 1566 1439; x_wconf 83' lang='lat' dir='ltr'>facere</span> <span class='ocrx_word' id='word_1_140' title='bbox 1588 1401 1821 1452; x_wconf 88' lang='lat' dir='ltr'>quicquam</span> <span class='ocrx_word' id='word_1_141' title='bbox 1836 1399 1858 1415; x_wconf 87' lang='lat'>&#39;’</span> <span class='ocrx_word' id='word_1_142' title='bbox 1881 1400 1968 1450; x_wconf 84' lang='lat' dir='ltr'>(xv.</span> <span class='ocrx_word' id='word_1_143' title='bbox 1990 1400 2098 1450; x_wconf 84' lang='lat'>4-8).</span> 
     </span>
    </p>
   </div>
   <div class='ocr_carea' id='block_1_7' title="bbox 252 1528 2120 3016">
    <p class='ocr_par' dir='ltr' id='par_1_8' title="bbox 253 1528 2119 2146">
     <span class='ocr_line' id='line_1_14' title="bbox 352 1528 2118 1596; baseline -0.001 -16"><span class='ocrx_word' id='word_1_144' title='bbox 352 1541 508 1596; x_wconf 83' lang='lat'>155.</span> <span class='ocrx_word' id='word_1_145' title='bbox 558 1528 705 1594; x_wconf 78' lang='lat' dir='ltr'>Quia</span> <span class='ocrx_word' id='word_1_146' title='bbox 749 1545 917 1579; x_wconf 91' lang='lat' dir='ltr'>omne</span> <span class='ocrx_word' id='word_1_147' title='bbox 962 1529 1175 1579; x_wconf 91' lang='lat' dir='ltr'>bonum</span> <span class='ocrx_word' id='word_1_148' title='bbox 1220 1536 1279 1580; x_wconf 93' lang='lat' dir='ltr'>et</span> <span class='ocrx_word' id='word_1_149' title='bbox 1308 1545 1503 1579; x_wconf 91' lang='lat' dir='ltr'>verum</span> <span class='ocrx_word' id='word_1_150' title='bbox 1549 1536 1639 1579; x_wconf 88' lang='lat' dir='ltr'>est</span> <span class='ocrx_word' id='word_1_151' title='bbox 1683 1546 1715 1579; x_wconf 87' lang='lat' dir='ltr'>a</span> <span class='ocrx_word' id='word_1_152' title='bbox 1754 1529 2024 1589; x_wconf 85' lang='lat' dir='ltr'>DominO,</span> <span class='ocrx_word' id='word_1_153' title='bbox 2059 1536 2118 1579; x_wconf 93' lang='lat' dir='ltr'>et</span> 
     </span>
     <span class='ocr_line' id='line_1_15' title="bbox 254 1605 2116 1673; baseline -0.001 -17"><span class='ocrx_word' id='word_1_154' title='bbox 254 1605 391 1656; x_wconf 90' lang='lat' dir='ltr'>nihil</span> <span class='ocrx_word' id='word_1_155' title='bbox 419 1607 490 1656; x_wconf 88' lang='lat' dir='ltr'>ab</span> <span class='ocrx_word' id='word_1_156' title='bbox 517 1605 763 1666; x_wconf 90' lang='lat' dir='ltr'>homine,</span> <span class='ocrx_word' id='word_1_157' title='bbox 789 1615 846 1657; x_wconf 90' lang='lat' dir='ltr'>et</span> <span class='ocrx_word' id='word_1_158' title='bbox 875 1608 1004 1673; x_wconf 88' lang='lat' dir='ltr'>quia</span> <span class='ocrx_word' id='word_1_159' title='bbox 1031 1607 1241 1656; x_wconf 89' lang='lat' dir='ltr'>bonum</span> <span class='ocrx_word' id='word_1_160' title='bbox 1270 1607 1342 1657; x_wconf 87' lang='lat' dir='ltr'>ab</span> <span class='ocrx_word' id='word_1_161' title='bbox 1370 1606 1598 1656; x_wconf 87' lang='lat' dir='ltr'>homine</span> <span class='ocrx_word' id='word_1_162' title='bbox 1628 1623 1740 1656; x_wconf 89' lang='lat' dir='ltr'>non</span> <span class='ocrx_word' id='word_1_163' title='bbox 1770 1614 1857 1657; x_wconf 89' lang='lat' dir='ltr'>est</span> <span class='ocrx_word' id='word_1_164' title='bbox 1885 1606 2116 1667; x_wconf 87' lang='lat' dir='ltr'>bonum,</span> 
     </span>
     <span class='ocr_line' id='line_1_16' title="bbox 254 1685 2115 1752; baseline -0.001 -17"><span class='ocrx_word' id='word_1_165' title='bbox 254 1686 502 1752; x_wconf 89' lang='lat' dir='ltr'>sequitur</span> <span class='ocrx_word' id='word_1_166' title='bbox 534 1685 684 1751; x_wconf 92' lang='lat' dir='ltr'>quod</span> <span class='ocrx_word' id='word_1_167' title='bbox 725 1685 862 1735; x_wconf 88' lang='lat' dir='ltr'>nulli</span> <span class='ocrx_word' id='word_1_168' title='bbox 902 1686 1116 1736; x_wconf 90' lang='lat' dir='ltr'>homini</span> <span class='ocrx_word' id='word_1_169' title='bbox 1150 1687 1223 1736; x_wconf 92' lang='lat' dir='ltr'>sit</span> <span class='ocrx_word' id='word_1_170' title='bbox 1257 1687 1536 1746; x_wconf 89' lang='lat' dir='ltr'>meritum,</span> <span class='ocrx_word' id='word_1_171' title='bbox 1573 1685 1671 1736; x_wconf 91' lang='lat' dir='ltr'>sed</span> <span class='ocrx_word' id='word_1_172' title='bbox 1706 1685 1810 1735; x_wconf 88' lang='lat' dir='ltr'>soli</span> <span class='ocrx_word' id='word_1_173' title='bbox 1852 1685 2115 1735; x_wconf 90' lang='lat' dir='ltr'>Domino.</span> 
     </span>
     <span class='ocr_line' id='line_1_17' title="bbox 255 1763 2119 1831; baseline -0.001 -16"><span class='ocrx_word' id='word_1_174' title='bbox 255 1764 521 1815; x_wconf 86' lang='lat' dir='ltr'>Meritum</span> <span class='ocrx_word' id='word_1_175' title='bbox 562 1763 789 1813; x_wconf 89' lang='lat' dir='ltr'>Domini</span> <span class='ocrx_word' id='word_1_176' title='bbox 830 1771 936 1824; x_wconf 92' lang='lat' dir='ltr'>est,</span> <span class='ocrx_word' id='word_1_177' title='bbox 971 1765 1121 1831; x_wconf 90' lang='lat' dir='ltr'>quod</span> <span class='ocrx_word' id='word_1_178' title='bbox 1161 1782 1235 1815; x_wconf 85' lang='lat' dir='ltr'>ex</span> <span class='ocrx_word' id='word_1_179' title='bbox 1268 1765 1491 1831; x_wconf 86' lang='lat' dir='ltr'>propria</span> <span class='ocrx_word' id='word_1_180' title='bbox 1524 1765 1783 1831; x_wconf 89' lang='lat' dir='ltr'>potentia</span> <span class='ocrx_word' id='word_1_181' title='bbox 1816 1763 2119 1814; x_wconf 85' lang='lat' dir='ltr'>salvaverit</span> 
     </span>
     <span class='ocr_line' id='line_1_18' title="bbox 253 1842 2119 1909; baseline -0.001 -16"><span class='ocrx_word' id='word_1_182' title='bbox 253 1859 432 1909; x_wconf 87' lang='lat' dir='ltr'>genus</span> <span class='ocrx_word' id='word_1_183' title='bbox 460 1842 786 1903; x_wconf 90' lang='lat' dir='ltr'>humanum,</span> <span class='ocrx_word' id='word_1_184' title='bbox 811 1850 868 1893; x_wconf 92' lang='lat' dir='ltr'>et</span> <span class='ocrx_word' id='word_1_185' title='bbox 898 1860 1118 1909; x_wconf 89' lang='lat' dir='ltr'>quoque</span> <span class='ocrx_word' id='word_1_186' title='bbox 1147 1843 1298 1909; x_wconf 91' lang='lat' dir='ltr'>quod</span> <span class='ocrx_word' id='word_1_187' title='bbox 1327 1842 1510 1893; x_wconf 89' lang='lat' dir='ltr'>salvet</span> <span class='ocrx_word' id='word_1_188' title='bbox 1535 1842 1662 1893; x_wconf 89' lang='lat' dir='ltr'>illos</span> <span class='ocrx_word' id='word_1_189' title='bbox 1691 1843 1782 1909; x_wconf 87' lang='lat' dir='ltr'>qui</span> <span class='ocrx_word' id='word_1_190' title='bbox 1809 1842 2018 1892; x_wconf 90' lang='lat' dir='ltr'>bonum</span> <span class='ocrx_word' id='word_1_191' title='bbox 2048 1842 2119 1892; x_wconf 90' lang='lat' dir='ltr'>ab</span> 
     </span>
     <span class='ocr_line' id='line_1_19' title="bbox 255 1921 2119 1989; baseline -0.001 -17"><span class='ocrx_word' id='word_1_192' title='bbox 255 1923 387 1988; x_wconf 91' lang='lat' dir='ltr'>Ipso</span> <span class='ocrx_word' id='word_1_193' title='bbox 414 1921 642 1972; x_wconf 89' lang='lat' dir='ltr'>faciunt.</span> <span class='ocrx_word' id='word_1_194' title='bbox 714 1921 852 1972; x_wconf 90' lang='lat' dir='ltr'>Inde</span> <span class='ocrx_word' id='word_1_195' title='bbox 882 1930 969 1972; x_wconf 89' lang='lat' dir='ltr'>est</span> <span class='ocrx_word' id='word_1_196' title='bbox 999 1923 1148 1989; x_wconf 90' lang='lat' dir='ltr'>quod</span> <span class='ocrx_word' id='word_1_197' title='bbox 1177 1924 1231 1972; x_wconf 90' lang='lat' dir='ltr'>in</span> <span class='ocrx_word' id='word_1_198' title='bbox 1261 1922 1456 1972; x_wconf 88' lang='lat' dir='ltr'>Verbo</span> <span class='ocrx_word' id='word_1_199' title='bbox 1484 1921 1748 1987; x_wconf 85' lang='lat' dir='ltr'>“justus&#39;’</span> <span class='ocrx_word' id='word_1_200' title='bbox 1771 1922 2006 1979; x_wconf 88' lang='lat' dir='ltr'>dicatur,</span> <span class='ocrx_word' id='word_1_201' title='bbox 2033 1922 2119 1971; x_wconf 87' lang='lat' dir='ltr'>cui</span> 
     </span>
     <span class='ocr_line' id='line_1_20' title="bbox 255 1991 2118 2066; baseline -0.001 -15"><span class='ocrx_word' id='word_1_202' title='bbox 255 1991 552 2052; x_wconf 77' lang='lat' dir='ltr'>addicatur</span> <span class='ocrx_word' id='word_1_203' title='bbox 572 2001 834 2051; x_wconf 89' lang='lat' dir='ltr'>meritum</span> <span class='ocrx_word' id='word_1_204' title='bbox 858 2009 916 2051; x_wconf 89' lang='lat' dir='ltr'>et</span> <span class='ocrx_word' id='word_1_205' title='bbox 938 2000 1157 2066; x_wconf 88' lang='lat' dir='ltr'>justitia</span> <span class='ocrx_word' id='word_1_206' title='bbox 1186 2001 1433 2062; x_wconf 89' lang='lat' dir='ltr'>Domini,</span> <span class='ocrx_word' id='word_1_207' title='bbox 1459 2017 1522 2051; x_wconf 90' lang='lat' dir='ltr'>ac</span> <span class='ocrx_word' id='word_1_208' title='bbox 1549 1999 1871 2066; x_wconf 89' lang='lat' dir='ltr'>“injustus’&#39;</span> <span class='ocrx_word' id='word_1_209' title='bbox 1894 2001 1980 2051; x_wconf 91' lang='lat' dir='ltr'>cui</span> <span class='ocrx_word' id='word_1_210' title='bbox 2002 1999 2118 2065; x_wconf 86' lang='lat' dir='ltr'>jus-</span> 
     </span>
     <span class='ocr_line' id='line_1_21' title="bbox 254 2080 1144 2146; baseline 0 -16"><span class='ocrx_word' id='word_1_211' title='bbox 254 2080 382 2131; x_wconf 87' lang='lat' dir='ltr'>titia</span> <span class='ocrx_word' id='word_1_212' title='bbox 414 2080 638 2146; x_wconf 90' lang='lat' dir='ltr'>propria</span> <span class='ocrx_word' id='word_1_213' title='bbox 665 2087 723 2130; x_wconf 94' lang='lat' dir='ltr'>et</span> <span class='ocrx_word' id='word_1_214' title='bbox 752 2080 1015 2130; x_wconf 90' lang='lat' dir='ltr'>meritum</span> <span class='ocrx_word' id='word_1_215' title='bbox 1045 2081 1144 2130; x_wconf 89' lang='lat' dir='ltr'>sui.</span> 
     </span>
    </p>

    <p class='ocr_par' dir='ltr' id='par_1_9' title="bbox 253 2160 2119 2447">
     <span class='ocr_line' id='line_1_22' title="bbox 353 2160 2118 2228; baseline -0.002 -15"><span class='ocrx_word' id='word_1_216' title='bbox 353 2162 515 2228; x_wconf 82' lang='lat'><strong>156.</strong></span> <span class='ocrx_word' id='word_1_217' title='bbox 559 2161 692 2227; x_wconf 87' lang='lat' dir='ltr'>Ipsa</span> <span class='ocrx_word' id='word_1_218' title='bbox 710 2160 1058 2226; x_wconf 81' lang='lat' dir='ltr'>jucunditaS,</span> <span class='ocrx_word' id='word_1_219' title='bbox 1080 2179 1222 2228; x_wconf 90' lang='lat' dir='ltr'>quae</span> <span class='ocrx_word' id='word_1_220' title='bbox 1250 2163 1399 2212; x_wconf 87' lang='lat' dir='ltr'>inest</span> <span class='ocrx_word' id='word_1_221' title='bbox 1428 2161 1606 2211; x_wconf 89' lang='lat' dir='ltr'>amori</span> <span class='ocrx_word' id='word_1_222' title='bbox 1635 2160 1877 2211; x_wconf 88' lang='lat' dir='ltr'>faciendi</span> <span class='ocrx_word' id='word_1_223' title='bbox 1905 2160 2118 2210; x_wconf 89' lang='lat' dir='ltr'>bonum</span> 
     </span>
     <span class='ocr_line' id='line_1_23' title="bbox 254 2237 2119 2305; baseline -0.001 -17"><span class='ocrx_word' id='word_1_224' title='bbox 254 2238 464 2305; x_wconf 88' lang='lat' dir='ltr'>absque</span> <span class='ocrx_word' id='word_1_225' title='bbox 515 2237 624 2288; x_wconf 89' lang='lat' dir='ltr'>fine</span> <span class='ocrx_word' id='word_1_226' title='bbox 674 2240 1163 2299; x_wconf 88' lang='lat' dir='ltr'>remunerationis,</span> <span class='ocrx_word' id='word_1_227' title='bbox 1219 2247 1306 2290; x_wconf 92' lang='lat' dir='ltr'>est</span> <span class='ocrx_word' id='word_1_228' title='bbox 1359 2255 1575 2289; x_wconf 89' lang='lat' dir='ltr'>merces</span> <span class='ocrx_word' id='word_1_229' title='bbox 1626 2255 1768 2304; x_wconf 87' lang='lat' dir='ltr'>quae</span> <span class='ocrx_word' id='word_1_230' title='bbox 1821 2245 2013 2288; x_wconf 89' lang='lat' dir='ltr'>manet</span> <span class='ocrx_word' id='word_1_231' title='bbox 2064 2238 2119 2287; x_wconf 90' lang='lat' dir='ltr'>in</span> 
     </span>
     <span class='ocr_line' id='line_1_24' title="bbox 253 2315 2118 2378; baseline -0.001 -11"><span class='ocrx_word' id='word_1_232' title='bbox 253 2324 566 2378; x_wconf 89' lang='lat' dir='ltr'>aeternum,</span> <span class='ocrx_word' id='word_1_233' title='bbox 597 2332 726 2366; x_wconf 90' lang='lat' dir='ltr'>nam</span> <span class='ocrx_word' id='word_1_234' title='bbox 759 2317 814 2367; x_wconf 90' lang='lat' dir='ltr'>in</span> <span class='ocrx_word' id='word_1_235' title='bbox 848 2317 903 2367; x_wconf 92' lang='lat' dir='ltr'>id</span> <span class='ocrx_word' id='word_1_236' title='bbox 936 2317 1147 2368; x_wconf 90' lang='lat' dir='ltr'>bonum</span> <span class='ocrx_word' id='word_1_237' title='bbox 1180 2318 1494 2368; x_wconf 87' lang='lat' dir='ltr'>insinuatur</span> <span class='ocrx_word' id='word_1_238' title='bbox 1526 2316 1748 2368; x_wconf 89' lang='lat' dir='ltr'>caelum</span> <span class='ocrx_word' id='word_1_239' title='bbox 1783 2323 1840 2367; x_wconf 92' lang='lat' dir='ltr'>et</span> <span class='ocrx_word' id='word_1_240' title='bbox 1878 2315 2118 2367; x_wconf 87' lang='lat' dir='ltr'>felicitas</span> 
     </span>
     <span class='ocr_line' id='line_1_25' title="bbox 253 2396 848 2447; baseline -0.002 0"><span class='ocrx_word' id='word_1_241' title='bbox 253 2404 487 2447; x_wconf 88' lang='lat' dir='ltr'>aeterna</span> <span class='ocrx_word' id='word_1_242' title='bbox 517 2413 551 2446; x_wconf 89' lang='lat' dir='ltr'>a</span> <span class='ocrx_word' id='word_1_243' title='bbox 583 2396 848 2447; x_wconf 90' lang='lat' dir='ltr'>Domino.</span> 
     </span>
    </p>

    <p class='ocr_par' dir='ltr' id='par_1_10' title="bbox 252 2474 2120 3016">
     <span class='ocr_line' id='line_1_26' title="bbox 351 2474 2119 2543; baseline -0.002 -16"><span class='ocrx_word' id='word_1_244' title='bbox 351 2487 503 2543; x_wconf 84' lang='grc'><strong>157.</strong></span> <span class='ocrx_word' id='word_1_245' title='bbox 552 2475 826 2542; x_wconf 84' lang='lat' dir='ltr'>Cogitare</span> <span class='ocrx_word' id='word_1_246' title='bbox 865 2483 923 2527; x_wconf 92' lang='lat' dir='ltr'>et</span> <span class='ocrx_word' id='word_1_247' title='bbox 962 2477 1195 2527; x_wconf 87' lang='lat' dir='ltr'>credere</span> <span class='ocrx_word' id='word_1_248' title='bbox 1233 2477 1384 2543; x_wconf 90' lang='lat' dir='ltr'>quod</span> <span class='ocrx_word' id='word_1_249' title='bbox 1416 2477 1470 2526; x_wconf 90' lang='lat' dir='ltr'>in</span> <span class='ocrx_word' id='word_1_250' title='bbox 1509 2475 1732 2526; x_wconf 89' lang='lat' dir='ltr'>caelum</span> <span class='ocrx_word' id='word_1_251' title='bbox 1759 2475 1993 2525; x_wconf 89' lang='lat' dir='ltr'>veniant</span> <span class='ocrx_word' id='word_1_252' title='bbox 2026 2474 2119 2540; x_wconf 89' lang='lat' dir='ltr'>qui</span> 
     </span>
     <span class='ocr_line' id='line_1_27' title="bbox 252 2552 2119 2621; baseline -0.002 -16"><span class='ocrx_word' id='word_1_253' title='bbox 252 2554 463 2605; x_wconf 90' lang='lat' dir='ltr'>bonum</span> <span class='ocrx_word' id='word_1_254' title='bbox 507 2554 735 2614; x_wconf 89' lang='lat' dir='ltr'>faciunt,</span> <span class='ocrx_word' id='word_1_255' title='bbox 779 2562 837 2605; x_wconf 93' lang='lat' dir='ltr'>et</span> <span class='ocrx_word' id='word_1_256' title='bbox 878 2572 1099 2621; x_wconf 89' lang='lat' dir='ltr'>quoque</span> <span class='ocrx_word' id='word_1_257' title='bbox 1145 2555 1294 2621; x_wconf 91' lang='lat' dir='ltr'>quod</span> <span class='ocrx_word' id='word_1_258' title='bbox 1334 2554 1543 2604; x_wconf 90' lang='lat' dir='ltr'>bonum</span> <span class='ocrx_word' id='word_1_259' title='bbox 1588 2553 1905 2604; x_wconf 88' lang='lat' dir='ltr'>faciendum</span> <span class='ocrx_word' id='word_1_260' title='bbox 1946 2552 2018 2602; x_wconf 90' lang='lat' dir='ltr'>sit</span> <span class='ocrx_word' id='word_1_261' title='bbox 2058 2559 2119 2602; x_wconf 90' lang='lat' dir='ltr'>ut</span> 
     </span>
     <span class='ocr_line' id='line_1_28' title="bbox 253 2629 2116 2700; baseline -0.003 -16"><span class='ocrx_word' id='word_1_262' title='bbox 253 2634 308 2684; x_wconf 92' lang='lat' dir='ltr'>in</span> <span class='ocrx_word' id='word_1_263' title='bbox 348 2632 567 2684; x_wconf 90' lang='lat' dir='ltr'>caelum</span> <span class='ocrx_word' id='word_1_264' title='bbox 599 2633 851 2694; x_wconf 90' lang='lat' dir='ltr'>veniant,</span> <span class='ocrx_word' id='word_1_265' title='bbox 888 2650 1001 2683; x_wconf 92' lang='lat' dir='ltr'>non</span> <span class='ocrx_word' id='word_1_266' title='bbox 1042 2641 1130 2684; x_wconf 91' lang='lat' dir='ltr'>est</span> <span class='ocrx_word' id='word_1_267' title='bbox 1170 2631 1425 2700; x_wconf 62' lang='lat' dir='ltr'>spectare</span> <span class='ocrx_word' id='word_1_268' title='bbox 1466 2632 1786 2683; x_wconf 90' lang='lat' dir='ltr'>mercedem</span> <span class='ocrx_word' id='word_1_269' title='bbox 1827 2639 1887 2681; x_wconf 92' lang='lat' dir='ltr'>ut</span> <span class='ocrx_word' id='word_1_270' title='bbox 1928 2629 2116 2689; x_wconf 88' lang='lat' dir='ltr'>finem,</span> 
     </span>
     <span class='ocr_line' id='line_1_29' title="bbox 253 2709 2119 2778; baseline -0.002 -17"><span class='ocrx_word' id='word_1_271' title='bbox 253 2711 335 2763; x_wconf 90' lang='lat' dir='ltr'>ita</span> <span class='ocrx_word' id='word_1_272' title='bbox 373 2728 476 2763; x_wconf 89' lang='lat' dir='ltr'>nec</span> <span class='ocrx_word' id='word_1_273' title='bbox 517 2728 726 2778; x_wconf 88' lang='lat' dir='ltr'>ponere</span> <span class='ocrx_word' id='word_1_274' title='bbox 767 2713 1028 2762; x_wconf 88' lang='lat' dir='ltr'>meritum</span> <span class='ocrx_word' id='word_1_275' title='bbox 1069 2713 1123 2762; x_wconf 90' lang='lat' dir='ltr'>in</span> <span class='ocrx_word' id='word_1_276' title='bbox 1164 2712 1440 2778; x_wconf 78' lang='lat' dir='ltr'>operibuS,</span> <span class='ocrx_word' id='word_1_277' title='bbox 1484 2726 1614 2760; x_wconf 86' lang='lat' dir='ltr'>nam</span> <span class='ocrx_word' id='word_1_278' title='bbox 1659 2710 1713 2759; x_wconf 94' lang='lat' dir='ltr'>id</span> <span class='ocrx_word' id='word_1_279' title='bbox 1760 2709 2020 2775; x_wconf 84' lang='lat' dir='ltr'>cogitant</span> <span class='ocrx_word' id='word_1_280' title='bbox 2061 2716 2119 2759; x_wconf 89' lang='lat' dir='ltr'>et</span> 
     </span>
     <span class='ocr_line' id='line_1_30' title="bbox 254 2788 2120 2857; baseline -0.002 -16"><span class='ocrx_word' id='word_1_281' title='bbox 254 2791 493 2842; x_wconf 90' lang='lat' dir='ltr'>credunt</span> <span class='ocrx_word' id='word_1_282' title='bbox 533 2791 706 2841; x_wconf 92' lang='lat' dir='ltr'>etiam</span> <span class='ocrx_word' id='word_1_283' title='bbox 746 2790 825 2841; x_wconf 90' lang='lat' dir='ltr'>illi</span> <span class='ocrx_word' id='word_1_284' title='bbox 859 2791 950 2857; x_wconf 91' lang='lat' dir='ltr'>qui</span> <span class='ocrx_word' id='word_1_285' title='bbox 990 2791 1198 2841; x_wconf 91' lang='lat' dir='ltr'>bonum</span> <span class='ocrx_word' id='word_1_286' title='bbox 1239 2791 1450 2841; x_wconf 90' lang='lat' dir='ltr'>faciunt</span> <span class='ocrx_word' id='word_1_287' title='bbox 1487 2807 1520 2839; x_wconf 91' lang='lat' dir='ltr'>a</span> <span class='ocrx_word' id='word_1_288' title='bbox 1559 2789 1840 2851; x_wconf 89' lang='lat' dir='ltr'>Domino;</span> <span class='ocrx_word' id='word_1_289' title='bbox 1889 2788 1988 2839; x_wconf 91' lang='lat' dir='ltr'>sed</span> <span class='ocrx_word' id='word_1_290' title='bbox 2028 2789 2120 2854; x_wconf 90' lang='lat' dir='ltr'>qui</span> 
     </span>
     <span class='ocr_line' id='line_1_31' title="bbox 253 2867 2120 2936; baseline -0.002 -16"><span class='ocrx_word' id='word_1_291' title='bbox 253 2871 334 2921; x_wconf 92' lang='lat' dir='ltr'>ita</span> <span class='ocrx_word' id='word_1_292' title='bbox 385 2870 666 2936; x_wconf 85' lang='lat' dir='ltr'>cogitant,</span> <span class='ocrx_word' id='word_1_293' title='bbox 714 2871 953 2921; x_wconf 89' lang='lat' dir='ltr'>credunt</span> <span class='ocrx_word' id='word_1_294' title='bbox 1004 2879 1063 2921; x_wconf 92' lang='lat' dir='ltr'>et</span> <span class='ocrx_word' id='word_1_295' title='bbox 1102 2871 1332 2930; x_wconf 88' lang='lat' dir='ltr'>faciunt,</span> <span class='ocrx_word' id='word_1_296' title='bbox 1375 2877 1432 2920; x_wconf 95' lang='lat' dir='ltr'>et</span> <span class='ocrx_word' id='word_1_297' title='bbox 1474 2885 1588 2918; x_wconf 91' lang='lat' dir='ltr'>non</span> <span class='ocrx_word' id='word_1_298' title='bbox 1638 2869 1693 2918; x_wconf 90' lang='lat' dir='ltr'>in</span> <span class='ocrx_word' id='word_1_299' title='bbox 1746 2884 1936 2918; x_wconf 90' lang='lat' dir='ltr'>amore</span> <span class='ocrx_word' id='word_1_300' title='bbox 1987 2867 2120 2917; x_wconf 90' lang='lat' dir='ltr'>boni</span> 
     </span>
     <span class='ocr_line' id='line_1_32' title="bbox 254 2947 1961 3016; baseline -0.002 -16"><span class='ocrx_word' id='word_1_301' title='bbox 254 2956 487 3016; x_wconf 88' lang='lat' dir='ltr'>propter</span> <span class='ocrx_word' id='word_1_302' title='bbox 516 2949 726 3000; x_wconf 90' lang='lat' dir='ltr'>bonum</span> <span class='ocrx_word' id='word_1_303' title='bbox 757 2957 906 3011; x_wconf 70' lang='lat' dir='ltr'>sunt,</span> <span class='ocrx_word' id='word_1_304' title='bbox 937 2949 1017 2999; x_wconf 92' lang='lat' dir='ltr'>illi</span> <span class='ocrx_word' id='word_1_305' title='bbox 1045 2947 1306 3016; x_wconf 69' lang='lat' dir='ltr'>spectant</span> <span class='ocrx_word' id='word_1_306' title='bbox 1335 2956 1393 3000; x_wconf 90' lang='lat' dir='ltr'>et</span> <span class='ocrx_word' id='word_1_307' title='bbox 1421 2955 1658 3015; x_wconf 84' lang='lat' dir='ltr'>ponunt.</span> <span class='ocrx_word' id='word_1_308' title='bbox 1955 2962 1961 2966; x_wconf 89' lang='lat'>·</span> 
     </span>
    </p>
   </div>
   <div class='ocr_carea' id='block_1_8' title="bbox 919 3131 1450 3174">
    <p class='ocr_par' dir='ltr' id='par_1_11' title="bbox 919 3131 1450 3174">
     <span class='ocr_line' id='line_1_33' title="bbox 919 3131 1450 3174; baseline -0.002 -10"><span class='ocrx_word' id='word_1_309' title='bbox 919 3131 981 3174; x_wconf 72' lang='lat' dir='ltr'>(Ex</span> <span class='ocrx_word' id='word_1_310' title='bbox 1002 3140 1126 3164; x_wconf 81' lang='lat' dir='ltr'>ARCAN</span> <span class='ocrx_word' id='word_1_311' title='bbox 1131 3140 1162 3164; x_wconf 83' lang='grc' dir='ltr'>ιε</span> <span class='ocrx_word' id='word_1_312' title='bbox 1183 3131 1450 3172; x_wconf 71' lang='grc' dir='ltr'>εΑΕιΕετιΒυε.)</span> 
     </span>
    </p>
   </div>
   <div class='ocr_carea' id='block_1_9' title="bbox 343 3214 2122 3332">
    <p class='ocr_par' dir='ltr' id='par_1_12' title="bbox 343 3214 2122 3332">
     <span class='ocr_line' id='line_1_34' title="bbox 343 3214 1990 3274; baseline -0.002 -14"><span class='ocrx_word' id='word_1_313' title='bbox 343 3217 484 3274; x_wconf 84' lang='grc'><strong>158.</strong></span> <span class='ocrx_word' id='word_1_314' title='bbox 527 3215 673 3274; x_wconf 71' lang='lat' dir='ltr'>Quod</span> <span class='ocrx_word' id='word_1_315' title='bbox 699 3217 790 3260; x_wconf 92' lang='lat' dir='ltr'>soli</span> <span class='ocrx_word' id='word_1_316' title='bbox 815 3217 1034 3260; x_wconf 89' lang='lat' dir='ltr'>Domino</span> <span class='ocrx_word' id='word_1_317' title='bbox 1059 3216 1287 3259; x_wconf 89' lang='lat' dir='ltr'>meritum</span> <span class='ocrx_word' id='word_1_318' title='bbox 1311 3223 1361 3259; x_wconf 91' lang='lat' dir='ltr'>et</span> <span class='ocrx_word' id='word_1_319' title='bbox 1381 3214 1574 3272; x_wconf 88' lang='lat' dir='ltr'>justitia</span> <span class='ocrx_word' id='word_1_320' title='bbox 1598 3216 1663 3270; x_wconf 88' lang='lat' dir='ltr'>(n.</span> <span class='ocrx_word' id='word_1_321' title='bbox 1687 3224 1814 3270; x_wconf 87' lang='lat'>9715,</span> <span class='ocrx_word' id='word_1_322' title='bbox 1839 3214 1990 3269; x_wconf 89' lang='lat'>9979).</span> 
     </span>
     <span class='ocr_line' id='line_1_35' title="bbox 344 3272 2122 3332; baseline -0.001 -15"><span class='ocrx_word' id='word_1_323' title='bbox 344 3273 492 3331; x_wconf 73' lang='lat' dir='ltr'>Quod</span> <span class='ocrx_word' id='word_1_324' title='bbox 526 3276 754 3318; x_wconf 89' lang='lat' dir='ltr'>meritum</span> <span class='ocrx_word' id='word_1_325' title='bbox 789 3284 838 3319; x_wconf 90' lang='lat' dir='ltr'>et</span> <span class='ocrx_word' id='word_1_326' title='bbox 874 3275 1067 3332; x_wconf 89' lang='lat' dir='ltr'>justitia</span> <span class='ocrx_word' id='word_1_327' title='bbox 1102 3275 1304 3318; x_wconf 90' lang='lat' dir='ltr'>Domini</span> <span class='ocrx_word' id='word_1_328' title='bbox 1332 3274 1409 3323; x_wconf 90' lang='lat' dir='ltr'>sit,</span> <span class='ocrx_word' id='word_1_329' title='bbox 1434 3274 1567 3329; x_wconf 90' lang='lat' dir='ltr'>quod</span> <span class='ocrx_word' id='word_1_330' title='bbox 1595 3286 1655 3316; x_wconf 88' lang='lat' dir='ltr'>ex</span> <span class='ocrx_word' id='word_1_331' title='bbox 1678 3273 1875 3329; x_wconf 89' lang='lat' dir='ltr'>propria</span> <span class='ocrx_word' id='word_1_332' title='bbox 1898 3272 2122 3329; x_wconf 88' lang='lat' dir='ltr'>potentia</span> 
     </span>
    </p>
   </div>
   <div class='ocr_carea' id='block_1_10' title="bbox 191 3332 2038 3395">
    <p class='ocr_par' dir='ltr' id='par_1_13' title="bbox 191 3332 2038 3395">
     <span class='ocr_line' id='line_1_36' title="bbox 191 3332 2038 3395; baseline -0.002 -18"><span class='ocrx_word' id='word_1_333' title='bbox 191 3391 196 3395; x_wconf 90' lang='lat'>.</span> <span class='ocrx_word' id='word_1_334' title='bbox 255 3333 514 3377; x_wconf 87' lang='lat' dir='ltr'>salvaverit</span> <span class='ocrx_word' id='word_1_335' title='bbox 537 3348 692 3392; x_wconf 88' lang='lat' dir='ltr'>genus</span> <span class='ocrx_word' id='word_1_336' title='bbox 715 3334 984 3377; x_wconf 87' lang='lat' dir='ltr'>humanum</span> <span class='ocrx_word' id='word_1_337' title='bbox 1012 3337 1076 3389; x_wconf 90' lang='lat' dir='ltr'>(n.</span> <span class='ocrx_word' id='word_1_338' title='bbox 1106 3334 1229 3388; x_wconf 86' lang='lat'>1813,</span> <span class='ocrx_word' id='word_1_339' title='bbox 1255 3345 1337 3375; x_wconf 89' lang='lat'>202</span> <span class='ocrx_word' id='word_1_340' title='bbox 1346 3343 1526 3388; x_wconf 85' lang='lat'><strong>5-2027,</strong></span> <span class='ocrx_word' id='word_1_341' title='bbox 1551 3342 1678 3387; x_wconf 83' lang='lat'>9715,</span> <span class='ocrx_word' id='word_1_342' title='bbox 1703 3332 1830 3387; x_wconf 87' lang='lat'>9809,</span> <span class='ocrx_word' id='word_1_343' title='bbox 1861 3332 2038 3386; x_wconf 90' lang='lat'>10019).</span> 
     </span>
    </p>
   </div>
   <div class='ocr_carea' id='block_1_11' title="bbox 255 3390 2120 3742">
    <p class='ocr_par' dir='ltr' id='par_1_14' title="bbox 256 3390 2120 3567">
     <span class='ocr_line' id='line_1_37' title="bbox 345 3390 2120 3449; baseline -0.001 -16"><span class='ocrx_word' id='word_1_344' title='bbox 345 3390 493 3448; x_wconf 71' lang='lat' dir='ltr'>Quod</span> <span class='ocrx_word' id='word_1_345' title='bbox 526 3394 710 3436; x_wconf 90' lang='lat' dir='ltr'>bonum</span> <span class='ocrx_word' id='word_1_346' title='bbox 743 3393 963 3449; x_wconf 89' lang='lat' dir='ltr'>justitiae</span> <span class='ocrx_word' id='word_1_347' title='bbox 996 3402 1046 3435; x_wconf 87' lang='lat' dir='ltr'>et</span> <span class='ocrx_word' id='word_1_348' title='bbox 1073 3393 1234 3435; x_wconf 89' lang='lat' dir='ltr'>meriti</span> <span class='ocrx_word' id='word_1_349' title='bbox 1264 3391 1467 3434; x_wconf 90' lang='lat' dir='ltr'>Domini</span> <span class='ocrx_word' id='word_1_350' title='bbox 1492 3390 1555 3433; x_wconf 85' lang='lat' dir='ltr'>sit</span> <span class='ocrx_word' id='word_1_351' title='bbox 1579 3391 1762 3432; x_wconf 90' lang='lat' dir='ltr'>bonum</span> <span class='ocrx_word' id='word_1_352' title='bbox 1787 3390 1920 3445; x_wconf 87' lang='lat' dir='ltr'>quod</span> <span class='ocrx_word' id='word_1_353' title='bbox 1947 3397 2120 3446; x_wconf 87' lang='lat' dir='ltr'>regnat</span> 
     </span>
     <span class='ocr_line' id='line_1_38' title="bbox 257 3448 2120 3508; baseline -0.002 -15"><span class='ocrx_word' id='word_1_354' title='bbox 257 3450 305 3493; x_wconf 91' lang='lat' dir='ltr'>in</span> <span class='ocrx_word' id='word_1_355' title='bbox 329 3450 479 3499; x_wconf 90' lang='lat' dir='ltr'>caelo,</span> <span class='ocrx_word' id='word_1_356' title='bbox 503 3459 552 3494; x_wconf 89' lang='lat' dir='ltr'>et</span> <span class='ocrx_word' id='word_1_357' title='bbox 574 3452 707 3508; x_wconf 89' lang='lat' dir='ltr'>quod</span> <span class='ocrx_word' id='word_1_358' title='bbox 737 3452 784 3494; x_wconf 93' lang='lat' dir='ltr'>id</span> <span class='ocrx_word' id='word_1_359' title='bbox 812 3453 997 3494; x_wconf 91' lang='lat' dir='ltr'>bonum</span> <span class='ocrx_word' id='word_1_360' title='bbox 1021 3451 1084 3494; x_wconf 91' lang='lat' dir='ltr'>sit</span> <span class='ocrx_word' id='word_1_361' title='bbox 1110 3452 1296 3493; x_wconf 89' lang='lat' dir='ltr'>bonum</span> <span class='ocrx_word' id='word_1_362' title='bbox 1322 3449 1490 3492; x_wconf 90' lang='lat' dir='ltr'>Divini</span> <span class='ocrx_word' id='word_1_363' title='bbox 1515 3449 1714 3492; x_wconf 90' lang='lat' dir='ltr'>Amoris</span> <span class='ocrx_word' id='word_1_364' title='bbox 1740 3448 1913 3504; x_wconf 88' lang='lat' dir='ltr'>Ipsius,</span> <span class='ocrx_word' id='word_1_365' title='bbox 1937 3462 1996 3491; x_wconf 84' lang='lat' dir='ltr'>ex</span> <span class='ocrx_word' id='word_1_366' title='bbox 2019 3461 2120 3504; x_wconf 91' lang='lat' dir='ltr'>quo</span> 
     </span>
     <span class='ocr_line' id='line_1_39' title="bbox 256 3509 1544 3567; baseline -0.001 -15"><span class='ocrx_word' id='word_1_367' title='bbox 256 3509 464 3552; x_wconf 88' lang='lat' dir='ltr'>salvavit</span> <span class='ocrx_word' id='word_1_368' title='bbox 485 3523 640 3567; x_wconf 87' lang='lat' dir='ltr'>genus</span> <span class='ocrx_word' id='word_1_369' title='bbox 663 3510 933 3552; x_wconf 87' lang='lat' dir='ltr'>humanum</span> <span class='ocrx_word' id='word_1_370' title='bbox 960 3512 1024 3566; x_wconf 90' lang='lat' dir='ltr'>(n.</span> <span class='ocrx_word' id='word_1_371' title='bbox 1043 3509 1170 3565; x_wconf 89' lang='lat'>9486,</span> <span class='ocrx_word' id='word_1_372' title='bbox 1194 3509 1351 3564; x_wconf 84' lang='lat'>9986[?</span> <span class='ocrx_word' id='word_1_373' title='bbox 1375 3509 1544 3563; x_wconf 92' lang='lat'>9979]).</span> 
     </span>
    </p>

    <p class='ocr_par' dir='ltr' id='par_1_15' title="bbox 255 3564 2119 3684">
     <span class='ocr_line' id='line_1_40' title="bbox 345 3564 2119 3624; baseline -0.001 -14"><span class='ocrx_word' id='word_1_374' title='bbox 345 3566 492 3624; x_wconf 73' lang='lat' dir='ltr'>Quod</span> <span class='ocrx_word' id='word_1_375' title='bbox 527 3569 688 3612; x_wconf 90' lang='lat' dir='ltr'>nullus</span> <span class='ocrx_word' id='word_1_376' title='bbox 721 3569 871 3611; x_wconf 90' lang='lat' dir='ltr'>homo</span> <span class='ocrx_word' id='word_1_377' title='bbox 906 3569 1062 3624; x_wconf 88' lang='lat' dir='ltr'>possit</span> <span class='ocrx_word' id='word_1_378' title='bbox 1094 3582 1154 3612; x_wconf 87' lang='lat' dir='ltr'>ex</span> <span class='ocrx_word' id='word_1_379' title='bbox 1186 3582 1238 3611; x_wconf 88' lang='lat' dir='ltr'>se</span> <span class='ocrx_word' id='word_1_380' title='bbox 1268 3567 1461 3624; x_wconf 89' lang='lat' dir='ltr'>justitia</span> <span class='ocrx_word' id='word_1_381' title='bbox 1487 3566 1603 3616; x_wconf 90' lang='lat' dir='ltr'>fieri,</span> <span class='ocrx_word' id='word_1_382' title='bbox 1629 3579 1719 3609; x_wconf 92' lang='lat' dir='ltr'>nec</span> <span class='ocrx_word' id='word_1_383' title='bbox 1748 3565 1877 3608; x_wconf 84' lang='lat' dir='ltr'>illam</span> <span class='ocrx_word' id='word_1_384' title='bbox 1901 3564 1992 3608; x_wconf 90' lang='lat' dir='ltr'>sibi</span> <span class='ocrx_word' id='word_1_385' title='bbox 2017 3565 2119 3608; x_wconf 89' lang='lat' dir='ltr'>ullo</span> 
     </span>
     <span class='ocr_line' id='line_1_41' title="bbox 255 3626 900 3684; baseline 0 -15"><span class='ocrx_word' id='word_1_386' title='bbox 255 3626 363 3684; x_wconf 89' lang='lat' dir='ltr'>jure</span> <span class='ocrx_word' id='word_1_387' title='bbox 385 3626 634 3670; x_wconf 85' lang='lat' dir='ltr'>vindicare</span> <span class='ocrx_word' id='word_1_388' title='bbox 660 3629 725 3682; x_wconf 86' lang='lat' dir='ltr'>(n.</span> <span class='ocrx_word' id='word_1_389' title='bbox 755 3627 900 3682; x_wconf 89' lang='lat'>1813).</span> 
     </span>
    </p>

    <p class='ocr_par' dir='ltr' id='par_1_16' title="bbox 346 3682 2117 3742">
     <span class='ocr_line' id='line_1_42' title="bbox 346 3682 2117 3742; baseline -0.002 -14"><span class='ocrx_word' id='word_1_390' title='bbox 346 3684 526 3742; x_wconf 75' lang='lat' dir='ltr'>Quales</span> <span class='ocrx_word' id='word_1_391' title='bbox 552 3684 617 3728; x_wconf 92' lang='lat' dir='ltr'>illi</span> <span class='ocrx_word' id='word_1_392' title='bbox 642 3686 690 3728; x_wconf 90' lang='lat' dir='ltr'>in</span> <span class='ocrx_word' id='word_1_393' title='bbox 711 3685 865 3729; x_wconf 89' lang='lat' dir='ltr'>altera</span> <span class='ocrx_word' id='word_1_394' title='bbox 881 3685 984 3729; x_wconf 88' lang='lat' dir='ltr'>vita</span> <span class='ocrx_word' id='word_1_395' title='bbox 1005 3685 1088 3742; x_wconf 89' lang='lat' dir='ltr'>qui</span> <span class='ocrx_word' id='word_1_396' title='bbox 1113 3684 1203 3729; x_wconf 91' lang='lat' dir='ltr'>sibi</span> <span class='ocrx_word' id='word_1_397' title='bbox 1226 3683 1467 3741; x_wconf 88' lang='lat' dir='ltr'>justitiam</span> <span class='ocrx_word' id='word_1_398' title='bbox 1490 3683 1745 3726; x_wconf 90' lang='lat' dir='ltr'>vindicant</span> <span class='ocrx_word' id='word_1_399' title='bbox 1771 3683 1834 3738; x_wconf 91' lang='lat' dir='ltr'>(n.</span> <span class='ocrx_word' id='word_1_400' title='bbox 1851 3693 1949 3738; x_wconf 87' lang='lat'>942,</span> <span class='ocrx_word' id='word_1_401' title='bbox 1968 3682 2117 3735; x_wconf 87' lang='lat'><strong>2027).</strong></span> 
     </span>
    </p>
   </div>
  </div>
 </body>
</html>
