2496 4250
478 423 541 473 28
1261 435 1546 476 COR0N1s.

476 573 719 624 existere
748 574 991 640 potuerit
1022 574 1121 623 nisi
1150 591 1222 624 ex
1251 575 1459 626 mundo
1487 576 1774 642 spirituali,
1799 587 2208 646 consequenter
2229 597 2330 633 nec

475 652 793 712 subsistere,
842 653 1102 718 quoniam
1149 653 1512 704 subsistentia
1559 663 1644 705 est
1695 664 1964 722 perpetua
2009 658 2331 710 existentia.

478 729 575 797 (2.)
632 729 797 796 Quod
831 747 943 780 non
972 730 1168 779 dabilis
1203 731 1272 781 sit
1307 731 1564 782 Ecclesia
1592 734 1738 799 apud
1770 734 2054 786 hominem
2083 737 2185 788 nisi
2217 737 2331 802 ejus

474 810 751 859 internum
775 809 845 858 sit
868 808 1152 875 spirituale
1181 817 1237 859 et
1261 818 1558 860 externum
1582 810 1850 862 naturale.
1915 812 2172 864 Ecclesia
2199 831 2332 882 pure

474 886 770 953 spiritualis
794 903 905 937 non
924 887 1102 947 datur,
1125 904 1225 937 nec
1251 887 1507 939 Ecclesia
1525 906 1675 940 mere
1698 890 1980 942 naturalis,
2047 890 2146 958 (3.)
2181 892 2331 944 Con-

475 973 773 1031 sequenter
806 966 954 1032 quod
995 982 1106 1015 non
1140 965 1324 1032 aliqua
1356 966 1629 1028 Ecclesia,
1665 985 1844 1034 neque
1876 969 2083 1036 aliquid
2130 970 2332 1022 Eccle-

474 1044 586 1093 siae
625 1044 770 1109 apud
810 1044 1110 1103 hominem,
1142 1045 1474 1095 exsuscitari
1513 1048 1687 1112 possit
1730 1047 1831 1095 nisi
1870 1047 1940 1096 sit
1978 1046 2192 1098 caelum
2234 1066 2329 1098 an-

473 1122 731 1187 gelicum,
766 1139 863 1188 per
895 1122 1043 1188 quod
1083 1140 1114 1172 a
1156 1122 1399 1174 Domino
1439 1141 1605 1175 omne
1645 1123 1929 1190 spirituale
1962 1125 2244 1177 derivatur
2275 1137 2328 1178 et

473 1201 780 1251 descendit.
860 1198 957 1267 (4.)
1013 1199 1153 1251 Cum
1186 1218 1322 1267 ergo
1354 1202 1639 1268 spirituale
1679 1211 1736 1253 et
1769 1202 2022 1254 naturale
2054 1205 2131 1254 sic
2164 1221 2329 1256 unum

473 1278 698 1339 faciunt,
733 1279 979 1346 sequitur
1010 1279 1159 1346 quod
1199 1297 1366 1330 unum
1400 1281 1608 1347 absque
1641 1280 1820 1332 altero
1853 1298 1964 1331 non
1998 1283 2243 1333 existere
2275 1291 2331 1334 et

473 1358 774 1408 subsistere
819 1358 1013 1424 possit,
1057 1375 1167 1408 non
1208 1358 1423 1409 caelum
1465 1359 1780 1425 angelicum
1821 1360 2030 1426 absque
2077 1360 2332 1412 Ecclesia

471 1436 618 1502 apud
649 1435 949 1495 hominem,
982 1453 1121 1486 neve
1154 1436 1409 1487 Ecclesia
1441 1439 1585 1503 apud
1620 1438 1763 1488 hunc
1798 1438 2007 1504 absque
2041 1438 2198 1490 caelo
2230 1457 2330 1490 an-

471 1514 687 1580 gelic03
728 1514 1012 1580 spirituale
1041 1515 1187 1564 enim
1216 1516 1317 1564 nisi
1350 1516 1540 1566 influat
1569 1524 1625 1566 et
1655 1517 1874 1567 desinat
1903 1518 1957 1566 in
1986 1517 2239 1568 naturale
2272 1527 2328 1571 et

471 1594 525 1643 in
561 1593 666 1643 hoc
700 1594 966 1659 quiescat,
1002 1601 1088 1642 est
1122 1594 1262 1642 sicut
1297 1594 1442 1658 prius
1475 1595 1682 1660 absque
1717 1593 2047 1660 posteriori&
2081 1596 2159 1646 ita
2189 1597 2330 1648 sicut

472 1688 638 1722 causa
669 1670 912 1722 efficiens
941 1671 1150 1737 absque
1178 1669 1392 1729 effectu,
1423 1689 1485 1722 ac
1519 1673 1662 1722 sicut
1690 1671 1932 1723 activum
1961 1674 2170 1740 absque
2202 1691 2329 1741 pas-

471 1751 606 1810 siVO,
641 1750 790 1816 quod
829 1749 971 1799 foret
1005 1750 1145 1799 sicut
1179 1751 1295 1799 avis
1336 1759 1607 1816 perpetuo
1640 1751 1836 1801 volans
1875 1753 1928 1801 in
1961 1769 2088 1802 aere
2121 1753 2330 1820 absque

470 1828 655 1895 aliqua
693 1828 824 1879 sede
864 1829 914 1878 in
958 1836 1138 1890 terra;
1180 1836 1236 1878 et
1278 1838 1363 1879 est
1404 1831 1546 1880 sicut
1586 1846 1744 1880 mens
1782 1830 2020 1880 hominis
2059 1839 2329 1898 perpetuo
2397 1883 2403 1890 ,

470 1908 727 1972 cogitans
755 1915 812 1958 et
835 1907 1030 1957 volens
1052 1907 1261 1973 absque
1283 1907 1468 1974 aliquo
1491 1925 1704 1974 organo
1726 1909 1976 1958 sensorio
2003 1917 2060 1959 et
2088 1911 2328 1962 motorio

470 1987 522 2035 in
564 2003 813 2052 corpore,
848 1986 918 2036 ad
955 1982 1148 2052 quods²¹
1182 1987 1489 2037 descendat
1529 1994 1586 2037 et
1627 1987 1898 2053 producat
1939 2004 2070 2038 suae
2110 1989 2326 2054 cogita-

470 2066 634 2115 tionis
658 2065 826 2129 ideas,
852 2072 909 2115 et
936 2073 1196 2130 operetur
1218 2082 1348 2115 suae
1371 2065 1679 2116 voluntatis
1703 2073 1953 2116 conatus
2026 2065 2125 2132 (5).
2169 2065 2326 2119 Haec

473 2142 648 2210 [sunt]
688 2143 861 2193 allata
894 2152 1123 2209 propter
1154 2143 1319 2194 finem
1355 2152 1413 2194 ut
1454 2145 1787 2210 percipiatur
1818 2152 1914 2194 aut
1943 2145 2148 2195 sciatur
2178 2146 2326 2212 quod

468 2223 609 2272 sicut
639 2222 875 2272 mundus
904 2222 1171 2272 naturalis
1205 2239 1316 2272 non
1346 2223 1542 2273 dabilis
1571 2232 1656 2274 est
1685 2223 1896 2289 absque
1929 2223 2137 2273 mundo
2169 2225 2325 2290 spiri-

469 2300 619 2361 tuali,
641 2318 704 2351 ac
728 2302 1010 2367 reciproce
1033 2302 1270 2351 mundus
1294 2301 1588 2368 spiritualis
1612 2302 1821 2368 absque
1842 2301 2049 2352 mundo
2067 2303 2323 2364 naturali,

466 2379 545 2429 ita
584 2396 695 2429 non
736 2379 992 2430 Ecclesia
1030 2380 1083 2429 in
1124 2381 1284 2430 terris
1324 2378 1468 2430 nisiffl
1501 2381 1571 2430 sit
1613 2380 1828 2430 caelum
1868 2380 2184 2445 angelicum
2225 2398 2324 2448 per

466 2458 614 2523 quod
650 2458 861 2508 existat
895 2467 951 2508 et
984 2459 1269 2518 subsistat,
1304 2475 1367 2508 ac
1401 2459 1681 2524 reciproce
1716 2475 1825 2508 non
1860 2458 2076 2508 caelum
2109 2459 2322 2525 angeli-

467 2552 590 2586 cum
632 2537 733 2585 nisi
772 2537 843 2586 sit
890 2537 1147 2587 Ecclesia
1185 2538 1238 2586 in
1279 2538 1454 2587 terris.
1558 2535 1656 2603 (6.)
1711 2536 1922 2602 Angeli
1962 2537 2067 2586 hoc
2107 2538 2321 2602 sciunt;

466 2631 632 2680 quare
679 2615 878 2665 acerbe
926 2615 1305 2665 lamentantur
1347 2615 1571 2682 quando
1619 2614 1875 2665 Ecclesia
1921 2615 1974 2664 in
2023 2615 2182 2664 terris
2227 2632 2324 2682 per

466 2692 603 2742 falsa
635 2693 922 2743 desolatur
954 2702 1010 2744 et
1050 2711 1147 2759 per
1179 2693 1326 2743 mala
1363 2701 1798 2754 consummatur,
1833 2710 1896 2743 ac
1938 2701 2069 2744 tunc
2110 2701 2322 2744 statum

464 2772 613 2821 vitae
635 2789 765 2821 suae
794 2773 1155 2838 aequiparant
1179 2771 1618 2834 somnolentiae;
1654 2779 1740 2822 est
1770 2772 1916 2822 enim
1946 2780 2077 2822 tunc
2102 2771 2320 2823 caelum

465 2850 569 2900 illis
592 2851 732 2900 sicut
756 2850 954 2900 solium
978 2849 1341 2912 subtractum,
1367 2858 1423 2901 et
1447 2851 1587 2900 sicut
1610 2867 1808 2916 corpus
1831 2850 2034 2900 ablatis
2057 2851 2287 2916 pedibus
2308 2869 2320 2915 ;

464 2937 522 2979 at
556 2930 687 2979 dum
728 2929 985 2979 Ecclesia
1023 2931 1077 2979 in
1111 2931 1272 2980 terris
1303 2947 1336 2980 a
1375 2930 1619 2979 Domino
1653 2937 1963 2979 restaurata
1995 2937 2099 2988 est,
2133 2930 2321 2996 aequi—

464 3016 664 3075 parant
697 3016 907 3058 statum
941 3009 1089 3058 vitae
1122 3026 1252 3058 suae
1284 3008 1520 3074 vigiliae.

568 3099 684 3138 20.
754 3085 920 3151 Quod
979 3086 1250 3136 Dominus
1307 3104 1404 3153 per
1459 3102 1663 3136 novum
1721 3085 1934 3136 caelum
1993 3085 2207 3136 derivet
2263 3094 2320 3137 et

463 3164 735 3230 producat
769 3181 972 3214 novam
1013 3164 1327 3215 Ecclesiam
1368 3165 1420 3214 in
1459 3165 1619 3214 terris
1660 3181 1756 3231 per
1787 3163 2190 3214 revelationem
2223 3181 2319 3215 ve-

463 3242 691 3291 ritatum
731 3259 803 3292 ex
845 3259 943 3292 suo
988 3261 1083 3293 ore
1128 3252 1223 3295 aut
1269 3261 1341 3295 ex
1389 3261 1487 3294 suo
1527 3243 1736 3304 Verbo,
1778 3251 1835 3294 et
1880 3243 2318 3309 inspirationem,

462 3319 515 3368 in
557 3318 935 3371 transactione
975 3321 1044 3372 de
1090 3331 1326 3388 quatuor
1366 3321 1632 3372 Ecclesiis
1679 3311 1735 3371 in
1778 3339 1877 3371 suo
1915 3321 2125 3380 ordine,
2167 3336 2319 3370 cum-

462 3397 649 3463 primis
696 3399 765 3450 de
811 3399 1067 3450 Ecclesia
1107 3401 1414 3451 Israelitica
1459 3408 1515 3450 et
1563 3401 1631 3450 de
1678 3400 1945 3450 hodierna
1985 3398 2317 3457 Christiana,

462 3476 952 3528 demonstrabitur.
1065 3477 1362 3529 Sciendum
1420 3486 1504 3528 est
1562 3478 1710 3544 quod
1768 3477 1992 3544 quando
2047 3476 2316 3527 infernum

462 3556 754 3615 succrevit,
803 3565 858 3606 et
911 3565 1323 3622 transgressum
1371 3565 1454 3607 est
1503 3557 1864 3607 interstitium
1911 3571 2177 3622 magnum
2222 3570 2318 3605 seu

461 3632 673 3683 hiatum
707 3632 1028 3685 firmatumffl
1056 3637 1200 3686 inter
1228 3653 1286 3686 se
1319 3643 1375 3686 et
1410 3635 1624 3685 caelum
1664 3632 1811 3700 (Luc.
1842 3634 1953 3683 xvi.
1984 3631 2095 3700 26),
2125 3640 2182 3684 et
2214 3649 2316 3682 ex-

463 3711 589 3762 tulit
637 3721 857 3779 tergum
903 3730 1061 3764 suum
1112 3731 1284 3780 usque
1335 3714 1388 3763 in
1435 3712 1673 3763 confinia
1719 3712 1997 3763 caelorum
2050 3710 2139 3761 ubi
2188 3717 2318 3761 sunt
