2430 4256
620 901 925 962 NOTAE
968 902 1383 964 CRITICAE
1428 902 1867 963 EDITORIS.

308 1271 388 1305 Pae.
408 1270 477 1304 54?-

364 1313 387 1357 5

455 1315 472 1344 1
512 1313 718 1352 uTmQun
727 1310 810 1357 pro
825 1309 851 1328 ‘⁴
862 1303 1049 1357 ubique''
1070 1303 1202 1359 (vide-

547 1366 651 1400 atur
665 1372 760 1412 pag.
782 1370 850 1409 24,
869 1358 897 1399 1.
918 1359 1007 1413 30).

361 1427 388 1467 9
454 1426 472 1456 ι
510 1423 753 1454 ABOLETUR
771 1421 856 1468 pro
876 1415 1184 1454 “ABOLITUR’'

338 1536 388 1576 14

337 1699 384 1744 15

333 1911 385 1953 16

327 2639 375 2682 Ῑ7

320 3180 370 3222 18

318 3302 369 3344 19

450 1481 476 1511 2
510 1479 736 1510 ATRATUM
755 1477 839 1522 pro
859 1469 1147 1510 “alteratum’'

453 1536 471 1566 1
511 1525 602 1565 illos
619 1538 695 1578 pro
715 1531 741 1550 “
755 1525 865 1566 illa”

449 1592 476 1622 2
500 1582 654 1633 populo
671 1593 746 1633 pro
767 1586 888 1620 “non
898 1581 1086 1634 populo’'

449 1647 474 1689 3
508 1647 564 1685 44
583 1643 665 1688 pro
686 1637 812 1688 “43”

452 1703 470 1732 1
496 1692 724 1745 festinabit
743 1704 818 1744 pro
837 1692 1085 1731 “tardabit’'

447 1758 474 1788 2
507 1757 563 1796 42
582 1753 665 1799 pro
685 1747 782 1796 “4''

447 1814 472 1855 3
513 1812 576 1851 14,
602 1811 649 1854 15
671 1809 753 1854 pro
773 1807 877 1853 “13‚
904 1812 967 1852 14,
989 1803 1074 1855 15''

445 1870 474 1909 4
508 1859 594 1896 ullo
613 1871 687 1910 pro
707 1864 733 1881 “
745 1858 870 1896 ulla''

451 1924 468 1953 1
513 1913 615 1952 Cum
636 1926 710 1965 pro
730 1913 908 1952 “cura”

447 1979 473 2008 2
506 1982 605 2007 suae
623 1981 698 2020 pro
719 1969 875 2008 “suis”

446 2035 471 2076 3
507 2023 634 2062 xxxii.
654 2030 736 2076 pro
755 2023 965 2063 “xxxvi.'’

443 2091 473 2130 4
507 2079 800 2131 beneplacitum
847 2092 922 2131 pro
970 2085 996 2103 “
1012 2079 1194 2132 benepla-

543 2135 654 2173 cito”

445 2198 468 2242 5
511 2189 710 2242 Jelzovalt
730 2202 806 2242 pro
825 2195 903 2229 “et
924 2189 1159 2242 Jelzovah”

444 2245 471 2284 6
505 2245 568 2285 Et
584 2258 659 2297 pro
679 2245 847 2284 “Non'’

445 2309 468 2352 7
503 2301 616 2353 quod
650 2301 766 2340 Deus
805 2301 932 2339 Petra
970 2315 1126 2348 eorum,
1159 2307 1198 2340 et

541 2357 659 2395 Deus
677 2357 853 2395 excelsus
872 2357 1119 2408 Redemptor
1135 2371 1193 2396 eo·

540 2425 637 2450 rum
656 2412 836 2464 (Psalm.
854 2410 1011 2451 lxxviii.
1029 2412 1100 2465 35)
1119 2425 1193 2464 pro

541 2469 689 2519 “quod
717 2467 835 2506 Deus
868 2467 998 2506 Petra
1033 2481 1123 2506 mea
1157 2474 1196 2506 et

539 2523 788 2574 Redemptor
806 2522 953 2561 meus''

440 2575 466 2616 8
501 2583 552 2616 ut
575 2590 652 2629 pro
672 2578 779 2616 “et'’

444 2642 461 2671 1
488 2633 606 2685 facis
632 2645 706 2684 pro
727 2633 953 2686 “faciam'’

438 2698 464 2726 2
500 2687 644 2727 bestiae
671 2701 746 2740 pro
766 2693 790 2712 ‘⁶
804 2688 1008 2726 BEST1A”

437 2753 462 2794 3
500 2753 540 2794 3,
562 2751 602 2795 5,
623 2742 663 2790 6,
689 2753 736 2794 13
758 2749 840 2795 pro
862 2748 921 2794 “3
942 2743 996 2782 ad
1015 2743 1168 2795 b.13''

435 2809 464 2847 4
498 2804 536 2837 te
555 2798 674 2838 Mihi
699 2811 773 2851 pro
793 2799 897 2838 “Me
915 2800 993 2838 tibi
1000 2800 1024 2817 ''

437 2862 460 2904 5
503 2852 567 2900 18,
592 2864 641 2904 19
661 2860 743 2906 pro
765 2853 841 2900 “8,
863 2855 924 2904 9’'

437 2908 462 2947 6
499 2907 541 2948 ii.
565 2918 632 2956 21,
654 2920 706 2948 22
726 2916 809 2961 pro
830 2909 893 2948 “i.
918 2919 984 2956 21,
1007 2920 1075 2956 22,
1098 2911 1185 2961 23’¹

437 2972 460 3014 7
497 2964 564 3003 dic
592 2966 670 3004 avi
697 2966 831 3004 omnis
859 2966 953 3004 alae
979 2978 1056 3016 pro
1086 2967 1189 3005 “die

534 3020 653 3059 omni
670 3021 760 3059 Av1
782 3020 940 3059 ALAE'’

434 3072 460 3113 8
496 3074 710 3114 Dominus
745 3075 932 3128 Jelzovz'b
963 3087 1039 3127 pro
1071 3080 1098 3099 ‘⁴
1114 3076 1186 3128 Je-

533 3130 710 3169 hovalz'’

437 3193 455 3223 1
494 3185 598 3224 dicit
621 3198 697 3237 pro
717 3186 898 3226 “dixit”

433 3249 458 3278 2
495 3240 689 3294 cususvis
716 3254 791 3293 pro
811 3241 1133 3288 “CUJUSQUIS’'

435 3303 453 3334 1
494 3296 644 3336 Ezech.
675 3296 803 3336 xxxii.
834 3296 860 3336 8
889 3309 965 3349 pro
996 3297 1182 3336 “slezek.

529 3364 569 3390 v.
591 3361 616 3390 2
655 3352 682 3371 ”

431 3415 456 3444 2
491 3419 532 3445 v.
555 3360 711 3458 zospro
729 3405 838 3447 “vii.
860 3408 923 3458 9''

429 3470 455 3512 3
484 3462 706 3513 gallicinio
720 3475 795 3514 pro
811 3463 1180 3502 “GALLINACEO’'

427 3526 456 3564 4
491 3526 530 3580 3,
550 3528 579 3566 4
597 3523 679 3569 pro
699 3518 828 3569 “34''

429 3579 452 3622 5
491 3573 609 3611 zllam
629 3585 704 3624 pro
721 3578 746 3596 “
759 3574 882 3612 illum
894 3573 919 3592 ''

364 3663 368 3666 .
428 3624 455 3664 6
490 3627 706 3675 “’Ᾱῖαἰκηι,
734 3641 872 3667 unum
902 3629 1079 3675 malum,
1099 3642 1182 3667 ecce

351 3699 364 3712 Ι

525 3683 680 3721 venit’'
701 3695 777 3735 pro
793 3683 931 3722 “Erit
947 3684 1032 3722 dies
1052 3697 1179 3731 unus,

525 3737 602 3788 qui
619 3743 740 3777 notus
757 3739 840 3777 erit
859 3737 1084 3789 Jekovae”

1283 1271 1363 1304 Pag.
1385 1270 1454 1304 5¹3?-

1315 1313 1363 1355 17
1429 1314 1452 1354 7
1490 1312 1541 1356 25
1562 1311 1645 1357 pm
1663 1306 1790 1357 “35''

1310 1425 1366 1454 20

1309 1536 1359 1565 21

1308 1702 1362 1731 22

1308 1758 1360 1799 23

1304 2365 1355 2406 27

1303 2412 1357 2452 28

1301 2699 1354 2741 29

1300 2755 1355 2796 30

1299 2920 1347 2960 31

1297 3031 1350 3072 32

1296 3141 1348 3183 33

1293 3361 1344 3404 35

1427 1359 1454 1399 8
1488 1361 1606 1399 venit
1631 1373 1706 1412 pro
1727 1360 1938 1399 “veniet”

1431 1425 1449 1454 1
1490 1423 1513 1465 7
1534 1422 1616 1468 pro
1637 1416 1735 1466 “9''

1426 1481 1452 1509 2
1492 1481 1543 1510 10
1561 1477 1644 1523 pro
1663 1477 1772 1518 “10‚
1797 1481 1860 1518 11,
1885 1471 1971 1522 13”

1430 1536 1447 1565 1
1486 1531 1583 1564 tune
1603 1533 1685 1578 pro
1706 1531 1783 1566 “et
1802 1527 1934 1566 tunc”

1426 1592 1451 1620 2
1487 1594 1569 1634 qua
1588 1588 1670 1634 pro
1690 1583 1868 1634 “quae''

1425 1647 1450 1688 3
1486 1649 1592 1689 quae
1612 1644 1694 1689 pro
1714 1636 1858 1689 “qui”

1485 1692 1555 1744 qui
1575 1699 1657 1744 pro
1677 1693 1788 1732 “et''

1483 1747 1676 1799 pertingit
1694 1754 1777 1800 pro
1797 1746 2072 1799 “pertinget’'

1484 1802 1724 1842 hortulanus
1767 1809 1852 1855 pro
1893 1808 1919 1826 ‘⁴
1936 1801 2176 1842 hortulanus

1522 1859 1617 1897 est¹¹

1423 1923 1448 1952 2
1482 1913 1613 1952 inarat
1633 1919 1715 1965 pro
1735 1913 1936 1953 “maret”

1422 1979 1447 2020 3
1483 1980 1532 2007 ae
1551 1975 1634 2021 pro
1654 1968 1798 2021 “qui’'

1420 2036 1448 2073 4
1482 2026 1657 2063 transiit
1682 2037 1758 2076 pro
1778 2025 2007 2064 “transit”

1426 2090 1442 2119 1
1482 2079 1616 2118 omnis
1635 2086 1718 2132 pro
1739 2080 1954 2118 “omnes''

1426 2145 1443 2174 1

1428 1703 1445 1842 mmm

1483 2135 1745 2187 consequitur
1783 2142 1865 2188 pro
1903 2141 1929 2159 “
1948 2147 2171 2187 consequa·

1519 2191 1616 2228 tur''

1422 2256 1447 2284 2
1480 2245 1787 2296 primusz—sz'c,
1808 2246 1896 2285 nisi
1922 2246 2067 2298 legeris
2087 2245 2170 2284 Pri-

1517 2313 1621 2340 maS.
1694 2302 1792 2340 Vide
1810 2314 1852 2340 n.
1876 2310 1942 2352 51.

1425 2366 1441 2394 1
1480 2355 1732 2406 significetur
1750 2363 1832 2408 pro
1848 2355 2170 2408 “significatur’'

1424 2422 1440 2450 1
1479 2411 1691 2462 posteriori
1711 2418 1794 2463 pro
1814 2410 2063 2463 “postem”

1420 2477 1444 2505 2
1480 2466 1592 2518 quod
1613 2472 1696 2518 pro
1717 2468 1895 2519 “quae''

1419 2533 1443 2573 3
1479 2521 1557 2560 nisi
1577 2528 1659 2574 pro
1679 2527 1796 2574 “que
1816 2521 1929 2561 nisi'’

1416 2589 1445 2627 4
1478 2576 1682 2616 firmatum
1689 2584 1771 2630 pro
1784 2583 1808 2601 ‘⁴
1820 2577 2045 2617 fixatum”,
2076 2577 2172 2617 Vide

1514 2634 1569 2672 A.
1598 2634 1655 2680 C.‚
1675 2646 1717 2672 n.
1739 2633 1862 2684 9346.

1421 2699 1438 2727 1
1478 2700 1621 2726 verum
1641 2695 1724 2740 pro
1744 2688 1957 2727 “veram''

1421 2754 1437 2782 1
1479 2740 1614 2785 caelis
1642 2757 1717 2795 pro
1738 2743 1904 2783 “coelis
1925 2744 2020 2783 est'’

1417 2810 1441 2838 2
1479 2802 1524 2839 et
1549 2812 1625 2850 pro
1645 2800 1758 2838 “at’'

1416 2866 1440 2906 3
1482 2854 1616 2894 18-20
1635 2861 1717 2906 pro
1737 2860 1763 2878 “
1780 2865 1828 2905 13
1849 2853 1903 2893 ad
1926 2854 2013 2893 20”

1419 2920 1436 2949 1
1475 2915 1560 2948 tam
1580 2916 1662 2961 pro
1683 2910 1841 2949 “tum''

1415 2976 1439 3004 2
1478 2965 1645 3004 exclusa
1664 2971 1746 3016 pro
1767 2970 1793 2988 “
1807 2964 1984 3004 exlusa''

1418 3031 1434 3060 1
1477 3034 1528 3059 ex
1549 3027 1632 3072 pro
1651 3021 1784 3059 “est'’

1414 3087 1438 3115 2
1475 3075 1588 3128 quod
1608 3082 1690 3127 pro
1711 3075 1866 3128 “qua''

1417 3142 1434 3170 1
1477 3141 1531 3170 20
1549 3137 1632 3182 pro
1652 3136 1676 3154 ‘⁶
1694 3140 1757 3180 19,
1779 3131 1869 3169 20''

1413 3197 1437 3224 2
1475 3200 1501 3224 a
1521 3199 1596 3237 pro
1617 3185 1732 3224 “in''

1412 3253 1437 3293 3
1474 3241 1660 3280 versibus
1678 3247 1761 3292 pro
1781 3240 1974 3279 “versu'’

1410 3308 1438 3346 4
1474 3294 1689 3336 doetrinae
1709 3303 1792 3347 pro
1812 3293 2074 3334 “dodtrina”

1415 3363 1432 3391 1
1475 3351 1587 3402 Quid
1607 3358 1690 3403 pro
1710 3350 1910 3402 “Quod”

1411 3417 1436 3445 2
1473 3406 1586 3458 Quid
1606 3413 1688 3458 pro
1709 3411 1735 3429 “
1751 3405 1875 3457 Quod
1890 3406 1915 3424 ''

1410 3473 1435 3513 3
1472 3461 1581 3500 vitae
1601 3468 1683 3513 pro
1704 3467 1730 3484 “
1745 3461 1867 3499 vita''

1407 3529 1436 3566 4
1471 3515 1710 3568 apparentia
1728 3522 1811 3567 pro
1831 3521 1856 3539 “
1874 3513 2087 3566 apparenti
2101 3514 2126 3533 ’¹

1413 3582 1430 3611 1
1470 3571 1694 3622 spiritualia
1713 3577 1796 3622 pro
1816 3575 1841 3593 “
1857 3568 2054 3622 spirituali
2068 3569 2093 3588 ''

1413 3637 1429 3666 1
1470 3632 1520 3664 ut
1545 3639 1619 3678 pro
1639 3631 1664 3649 ‘⁶
1679 3626 1753 3664 et’'

1408 3693 1432 3720 2
1468 3682 1559 3720 sint
1580 3693 1656 3732 pro
1678 3686 1703 3704 “
1717 3680 1854 3720 sunt’'

1411 3747 1428 3776 1
1470 3735 1638 3775 cardine
1657 3741 1741 3788 pro
1760 3734 1962 3787 “janua’'
