2496 4250
418 414 499 446 XX
761 409 1098 450 SAPIENTIA
1138 411 1463 451 ANGELICA
1503 413 1585 452 DE
1625 412 1949 466 CONJUGIO.

551 548 676 599 Quod
693 549 868 589 violetur
889 538 1125 602 conjugium
1145 550 1351 603 spirituale
1372 551 1424 590 ab
1444 551 1525 591 illis
1545 551 1615 605 qui
1635 552 1757 592 aliam
1778 553 1992 592 ecclesiam
2008 565 2078 593 ore
2092 553 2284 606 profiten-

630 618 695 652 tur
722 626 845 665 quam
875 614 998 653 corde
1027 620 1277 666 agnoscunt;
1318 620 1358 654 et
1386 627 1511 668 quam
1541 615 1735 664 maxime,
1765 616 1836 669 qui
1867 617 1990 656 corde
2023 616 2181 656 nullam
2217 616 2278 674 (n.

631 675 898 732 1980-1982).

550 779 674 832 Quod
695 779 869 819 violetur
888 780 1124 833 conjugium
1144 781 1353 834 spirituale
1373 783 1426 822 ab
1446 783 1526 823 illis
1547 784 1617 837 qui
1637 798 1733 824 vera
1752 783 1962 825 doctrinae
1982 797 2034 825 ex
2052 785 2191 825 Verbo
2210 785 2281 826 ad·

631 841 793 882 discunt
813 850 853 883 et
874 844 981 883 male
1002 845 1166 894 vivunt3
1197 851 1286 885 tum
1305 845 1358 885 ab
1376 846 1456 886 illis
1480 847 1551 900 qui
1571 847 1613 886 in
1633 847 1784 887 devoto
1801 847 1913 887 cultu
1931 853 2038 897 sunt,
2059 854 2100 888 et
2118 861 2281 902 prorsus

627 905 731 944 nihil
751 905 966 946 reflectunt
986 920 1107 960 super
1124 908 1250 948 vitam
1272 921 1387 948 suam
1410 909 1469 964 (n.
1487 910 1751 964 1983-1987).

548 1002 673 1054 Quod
697 1002 872 1042 violetur
900 1004 1135 1056 conjugium
1159 1005 1367 1057 spirituale
1391 1006 1443 1045 ab
1466 1006 1547 1046 illis
1571 1007 1641 1060 qui
1666 1006 1742 1046 soli
1766 1007 1904 1047 sensui
1927 1007 2084 1049 litterae
2112 1009 2280 1050 student

630 1065 784 1119 absque
806 1066 994 1107 doeh-ina
1016 1068 1075 1123 (ιι.
1094 1069 1345 1122 1988-1991).

547 1162 671 1215 Quod
691 1163 867 1203 violetur
891 1164 1127 1217 conjugium
1150 1165 1249 1205 boni
1273 1171 1313 1206 et
1335 1166 1421 1206 veri
1451 1166 1549 1206 dum
1575 1167 1757 1207 Verbum
1780 1167 1929 1220 legitur
1955 1174 2120 1221 propter
2142 1170 2281 1210 varios

625 1226 740 1275 fines,
762 1227 840 1266 nisi
863 1227 984 1267 simul
1003 1235 1169 1281 propter
1187 1229 1440 1282 cognitiones
1460 1231 1557 1270 boni
1578 1237 1618 1270 et
1636 1231 1722 1270 veri
1745 1231 1804 1285 (n.
1822 1231 2087 1287 1992-1994).
2259 1267 2272 1288 s

547 1323 671 1375 Quod
688 1323 767 1364 sint
783 1324 953 1364 totidem
969 1325 1258 1365 scortationum
1273 1326 1541 1378 spiritualium
1555 1340 1706 1379 genera
1721 1334 1759 1368 et
1775 1328 1930 1380 species
1942 1341 2047 1381 quae
2062 1335 2156 1370 sunt
2169 1341 2278 1370 scor-

627 1388 826 1427 tationum
842 1389 1101 1438 naturalium,
1115 1389 1212 1442 quia
1223 1390 1395 1430 totidem
1411 1397 1503 1430 sunt
1520 1391 1900 1444 correspondentiae
1918 1391 1978 1447 (n.
1995 1393 2261 1450 1995-1997).

547 1482 670 1535 Quod
694 1495 746 1522 ex
765 1483 830 1523 his
851 1484 975 1523 etiam
994 1484 1124 1524 videri
1148 1486 1288 1538 possit,
1308 1486 1420 1538 quod
1446 1486 1637 1539 conjugia
1655 1487 1736 1527 sint
1756 1486 1945 1527 caelestia
1965 1493 2005 1528 et
2027 1487 2140 1541 quod
2162 1487 2279 1528 adul-

629 1547 731 1586 teria
749 1548 830 1588 sint
849 1547 1067 1588 infernalia
1089 1547 1148 1604 (n.
1166 1548 1435 1602 1998-2000).

410 1666 726 1722 Oeflorati0.—-(
742 1669 838 1707 Vide
863 1666 1122 1722 Vir-finitas.)

411 1784 878 1840 Dell'cl‘ae.—[(INDEX
895 1800 952 1826 AL
961 1800 1044 1826 TER
1064 1800 1222 1839 quoque
1239 1785 1494 1842 videatur.)]

545 1867 612 1905 De
634 1865 792 1905 deliciis
811 1866 960 1906 amoris
982 1866 1223 1976 conj31gialis
1247 1866 1306 1922 (n.
1325 1867 1568 1931 77—146[De
1581 1874 1666 1906 Am.
1684 1874 1800 1915 conj„
1816 1884 1851 1907 n.
1870 1875 1951 1916 183:
1971 1874 2066 1916 confi
2081 1885 2115 1908 n.
2133 1875 2187 1918 69,
2206 1886 2277 1916 144,

629 1936 702 1967 155,
721 1929 795 1969 198,
811 1939 886 1969 293,
903 1939 977 1969 294,
994 1928 1069 1970 443]
1096 1952 1105 1961 ·

545 2018 670 2071 Quod
691 2018 831 2058 omnia
850 2018 991 2071 gaudii
1012 2024 1052 2058 et
1070 2018 1250 2059 laetitiae
1270 2032 1343 2072 per
1363 2018 1533 2059 delicias
1552 2019 1844 2073 intelligantur,
1866 2033 1970 2074 quae
1991 2027 2280 2062 enumerantur

625 2084 684 2135 (n.
709 2081 796 2137 77)-

545 2179 669 2231 Quod
698 2192 814 2290 ajmor
841 2192 914 2232 per
932 2178 1174 2232 sapientiam
1197 2177 1322 2219 faciat
1344 2178 1436 2218 illas
1459 2179 1606 2219 sentire
1635 2179 1693 2234 (n.
1713 2188 1763 2231 77
1780 2186 1853 2229 [De
1867 2188 1951 2220 Am.
1975 2187 2091 2228 Conj„
2107 2198 2142 2222 n.
2161 2189 2180 2221 8
2180 2187 2276 2230 fin„

629 2240 705 2283 461]
733 2265 742 2274 .

543 2330 669 2383 Quod
697 2343 842 2370 omnes
871 2330 1044 2370 deliciae
1073 2330 1153 2370 sint
1176 2343 1227 2369 ex
1250 2343 1389 2370 amore
1414 2335 1454 2370 et
1477 2331 1564 2383 ejus
1589 2329 1737 2370 effectu
1762 2330 1818 2383 (n,
1843 2330 1895 2382 78
1911 2336 1983 2379 [De
1996 2338 2082 2372 Am.
2105 2338 2222 2379 conj..
2237 2349 2272 2372 n.

626 2402 646 2433 8
651 2393 784 2450 fin.]).

545 2490 669 2543 Quod
693 2490 867 2529 deliciae
891 2489 1039 2529 amoris
1062 2502 1208 2529 omnes
1231 2489 1310 2529 sint
1333 2488 1376 2528 in
1400 2487 1561 2538 effec'tu,
1586 2495 1626 2529 et
1648 2502 1722 2542 per
1742 2489 1786 2528 id
1810 2489 1853 2528 in
1876 2489 2024 2530 mediis
2050 2487 2110 2545 (n.
2136 2489 2188 2542 78
2203 2495 2276 2540 [De

626 2561 711 2593 Am.
732 2560 847 2600 Conj.‚
864 2570 899 2592 n.
918 2553 1070 2607 8fin.]).

548 2651 673 2704 Quod
689 2651 862 2691 deliciae
883 2657 1105 2704 sequantur
1123 2651 1166 2690 in
1180 2649 1324 2690 ordine
1339 2649 1442 2689 sieut
1461 2649 1566 2698 finis,
1588 2662 1723 2698 causa,
1745 2655 1783 2689 et
1804 2649 1972 2691 effeetus
1997 2649 2056 2705 (n.
2074 2650 2141 2700 82,
2156 2649 2270 2707 seq.).

545 2747 669 2800 Quod
689 2748 732 2787 in
752 2760 889 2786 amore
911 2739 1154 2799 conjugiali,
1167 2759 1240 2798 per
1258 2745 1375 2785 illum
1397 2751 1437 2785 et
1456 2758 1507 2785 ex
1523 2745 1608 2794 illo,
1628 2758 1772 2785 omnes
1793 2746 1966 2786 deliciae
1989 2746 2030 2785 in
2050 2759 2124 2787 sua
2142 2747 2272 2800 pleni·

625 2811 769 2851 tudine
790 2811 870 2851 Sint
892 2811 952 2866 (n.
970 2822 1057 2860 104,
1078 2819 1147 2862 105
1172 2816 1244 2859 [De
1258 2817 1342 2848 Am.
1367 2815 1482 2856 Conj.,
1496 2826 1531 2849 n.
1549 2817 1602 2856 68,
1619 2809 1708 2864 69]).

546 2909 671 2961 Quod
691 2921 904 2961 supremae
925 2914 964 2948 et
984 2907 1151 2947 intimae
1173 2906 1346 2947 deliciae
1366 2920 1472 2960 quae
1492 2914 1584 2947 sunt
1606 2907 1718 2960 pacis
1739 2914 1778 2947 et
1801 2907 2074 2957 innocentiae,
2095 2908 2175 2948 sint
2196 2908 2271 2947 im-

624 2972 930 3025 perceptibiles;
963 2972 1036 3011 sed
1057 2971 1167 3024 quod
1188 2971 1290 3011 sicut
1313 2970 1581 3018 descendunt,
1597 2966 1694 3010 fiant
1712 2971 2017 3023 perceptibiles3
2049 2978 2088 3011 et
2107 2971 2275 3012 tandem

626 3037 669 3075 in
692 3035 846 3075 ultimis
869 3035 967 3075 fiant
991 3035 1187 3074 delicium
1211 3034 1264 3074 ad
1293 3047 1499 3074 summum
1521 3034 1694 3087 gradum
1723 3034 1914 3074 sensibile
1939 3037 1996 3088 (n.
2013 3035 2187 3087 106-109
2203 3041 2275 3084 [De

623 3107 709 3138 Am.
729 3105 844 3145 Conj.,
862 3115 895 3138 n.
915 3106 968 3146 69,
987 3099 1096 3151 183]).

545 3197 670 3249 Quod
689 3196 861 3235 deliciae
877 3194 920 3234 in
935 3194 1089 3234 ultimis
1103 3194 1202 3234 fiant
1215 3207 1375 3234 summe
1389 3193 1687 3246 perceptibiles,
1705 3200 1764 3234 est
1774 3195 1981 3246 primum,
1998 3193 2095 3247 quia
2107 3193 2275 3234 descen-

629 3260 732 3299 dunt
762 3259 804 3298 in
828 3258 972 3298 ordine
995 3259 1048 3298 ab
1076 3257 1478 3311 imperceptibilibus,
1503 3264 1543 3298 et
1566 3257 1677 3310 quod
1706 3258 1748 3296 in
1778 3258 1930 3297 ultimis
1959 3257 2080 3297 simul
2104 3256 2184 3298 sint
2214 3256 2273 3312 (n.

627 3334 795 3363 110-120
815 3328 887 3371 [De
901 3330 985 3362 Am.
1008 3329 1123 3368 Conj.,
1140 3339 1175 3361 n.
1194 3329 1247 3368 68,
1264 3320 1365 3376 69]);

546 3389 680 3429 Causa
711 3389 903 3436 secunda,
934 3387 1045 3440 quod
1076 3399 1192 3426 amor
1221 3384 1462 3439 conjugialis
1493 3384 1640 3424 afficiat
1668 3385 1794 3424 utrius
1822 3384 2160 3437 singularissima‚
2189 3390 2272 3424 tam

625 3452 771 3492 mentis
792 3464 915 3504 quam
937 3450 1116 3503 corporis
1136 3451 1194 3499 (n.
1211 3459 1387 3500 120-123
1414 3454 1487 3496 [De
1505 3456 1591 3487 Am.
1616 3455 1732 3495 Conj.‚
1749 3465 1784 3487 n.
1802 3455 1855 3496 68,
1875 3447 1950 3502 69])
1967 3461 1980 3498 ς

548 3516 683 3556 Causa
705 3516 842 3563 tertia,
864 3514 976 3567 quod
1000 3514 1148 3553 amoris
1173 3513 1280 3552 illius
1305 3519 1344 3552 et
1373 3511 1613 3551 deliciarum
1642 3512 1729 3564 ejus
1759 3510 2078 3551 communicatio
2108 3510 2159 3551 sit
2182 3522 2274 3550 cum

629 3579 752 3618 caelis
776 3577 1027 3634 (n.124-128
1054 3583 1127 3625 [De
1145 3584 1230 3616 Am.
1256 3582 1372 3622 conj„
1390 3592 1423 3614 n.
1444 3575 1558 3627 144]);

550 3644 682 3682 Causa
702 3648 870 3695 quarta,
891 3641 1002 3694 quod
1024 3640 1197 3680 deliciae
1217 3639 1312 3679 illae
1333 3639 1412 3679 sint
1431 3638 1658 3678 secundum
1679 3650 1812 3685 usum,
1834 3643 1873 3677 et
1892 3650 1988 3677 usus
2008 3637 2156 3677 amoris
2179 3649 2276 3677 con·

627 3705 793 3759 jugialis
814 3712 873 3745 est
893 3705 1076 3744 omnium
1095 3702 1465 3757 praestantissimus
1484 3702 1541 3756 (n.
1559 3701 1723 3754 128—131
1741 3707 1814 3750 [De
1833 3708 1918 3740 Am.
1940 3707 2056 3747 Comt,
2072 3716 2108 3740 n.
2126 3702 2238 3753 183]);
