2496 4250
421 423 488 476 92
962 423 1045 463 DE
1084 422 1258 463 NOVA
1297 423 1752 464 HIEROSOLYMA

509 558 654 618 Quod
679 559 884 604 liberum
908 561 1117 604 caeleste
1140 568 1334 604 tantum
1357 561 1507 605 distet
1532 575 1562 606 a
1586 562 1742 606 libero
1776 561 2012 613 infernali,
2035 570 2274 620 quantum
2343 560 2345 563 ’

419 619 607 661 caelum
631 619 692 661 ab
717 618 907 671 inferno
933 622 997 674 (n.
1023 619 1147 674 2873,
1173 619 1320 673 2874).

508 675 654 792 guod
679 677 884 720 liberum
902 677 1136 721 infernale
1160 677 1207 720 in
1231 692 1282 721 50
1305 677 1578 734 specstatum
1598 679 1661 722 sit
1679 692 1872 722 servum
1895 681 1958 734 (n.
1980 679 2106 733 2884,
2126 678 2275 736 2890).

557 736 755 778 uoniam
780 749 975 779 servum
999 744 1073 780 est
1097 736 1208 779 duci
1231 737 1292 779 ab
1316 736 1505 780 inferno
1531 739 1596 793 (n.
1620 738 1747 792 9586,
1772 738 2067 793 9589-9591).

554 847 652 890 uod
676 860 822 890 omne
846 847 1052 890 liberum
1076 847 1140 891 sit
1157 856 1212 890 ut
1235 849 1501 904 proprium,
1533 858 1582 892 et
1604 850 1874 892 secundum
1901 849 1948 892 id
1976 851 2041 905 (n.
2067 848 2216 903 2880).

555 905 652 948 uod
687 905 839 949 homo
880 920 965 962 per
996 907 1417 963 regenerationem
1453 921 1482 950 a
1520 907 1737 951 Domino
1774 908 1982 964 accipiat
2024 907 2275 964 proprium

416 964 626 1007 caeleste
653 965 716 1018 (n.
746 975 867 1019 1937,
897 974 1019 1020 1947,
1045 965 1170 1014 2882,
1197 965 1322 1020 2883,
1351 966 1498 1021 2891).

554 1022 662 1065 uale
690 1024 940 1079 proprium
965 1023 1174 1066 caeleste
1201 1026 1266 1078 (n.
1296 1024 1387 1076 164,
1416 1025 1538 1079 5660,
1564 1024 1713 1078 8480).

555 1081 768 1148 ¹30d.h0⁰
787 1081 1036 1149 proprium
1055 1090 1287 1149 appareat
1311 1083 1499 1125 homini
1518 1082 1645 1126 sicut
1662 1083 1768 1139 ejus
1791 1082 2056 1139 proprium,
2074 1090 2124 1126 at
2142 1082 2275 1140 quod

416 1148 747 1254 noangzgjplsl}
767 1140 858 1255 {epi
880 1139 1080 1242 13110111ῃοῖ1
1102 1141 1671 1255 gpggrsslnssffngnigripggo
1698 1199 1852 1243 libero
1879 1199 1991 1249 sint,
2015 1199 2131 1256 quia
2156 1199 2276 1242 libe-

415 1269 521 1298 rum
545 1264 621 1299 est
644 1256 756 1300 duci
783 1270 811 1299 a
840 1256 1056 1300 Domino
1079 1266 1128 1300 et
1154 1258 1214 1300 ab
1251 1257 1408 1314 Ipsius
1436 1258 1635 1314 proprio
1662 1259 1726 1314 (n.
1750 1258 1847 1314 892,
1871 1268 1969 1314 905,
1997 1258 2122 1311 2872,
2147 1257 2275 1307 2886,

415 1314 688 1371 289oe2892
710 1315 839 1371 4096.
863 1315 990 1371 9586,
1014 1316 1142 1371 9587,
1166 1316 1462 1372 9589-9591)-

502 1438 646 1486 149.
690 1427 837 1486 Quod
862 1429 1068 1473 liberum
1092 1430 1156 1473 sit
1179 1444 1239 1473 ex
1261 1430 1549 1487 aequilibrio
1574 1430 1700 1474 inter
1725 1430 1912 1474 caelum
1935 1438 1986 1473 et
2014 1428 2274 1480 infernum,

413 1503 464 1539 et
482 1496 615 1552 quod
640 1496 805 1546 homo,
826 1496 918 1540 nisi
942 1497 986 1540 ei
1010 1497 1216 1540 liberum
1241 1497 1317 1546 sit,
1337 1511 1435 1540 non
1460 1495 1710 1540 reformari
1730 1497 1899 1552 possit,
1919 1505 2172 1540 ostensum
2199 1505 2276 1539 est

414 1562 462 1604 in
486 1575 634 1619 opere
657 1564 733 1605 De
760 1564 894 1607 Caelo
918 1569 964 1606 et
987 1565 1191 1621 Inferna
1204 1581 1220 1607 .·
1256 1564 1335 1618 (de
1365 1563 1472 1619 ipso
1494 1563 1796 1620 aequilibrio,
1822 1577 1867 1606 n.
1895 1563 2106 1619 589-596,
2131 1571 2181 1606 et
2213 1563 2275 1606 de

412 1629 579 1678 libero,
604 1643 649 1673 n.
677 1639 757 1685 597
780 1631 841 1672 ad
866 1630 945 1673 fin.
961 1631 988 1684 t)
1029 1631 1114 1674 sed
1144 1629 1482 1674 instructionis
1505 1643 1650 1673 causa
1672 1630 1789 1686 quid
1823 1630 2043 1680 liberum,
2067 1637 2117 1673 et
2139 1629 2274 1686 quod

413 1696 564 1740 homo
587 1710 674 1753 per
697 1697 744 1739 id
770 1696 1077 1747 reformetur,
1099 1698 1245 1740 velim
1271 1697 1384 1740 inde
1408 1697 1529 1740 haec
1551 1697 1724 1740 afferre
1745 1710 1814 1740 :—

502 1762 811 1807 “Ostensum
839 1772 914 1807 est
950 1765 1083 1820 quod
1110 1763 1453 1820 aequilibrium
1482 1764 1608 1806 inter
1629 1764 1816 1806 caelum
1851 1771 1900 1807 et
1933 1762 2177 1806 infernum
2210 1762 2275 1806 sit

412 1830 755 1887 aequilibrium
784 1831 911 1874 inter
932 1831 1115 1874 bonum
1145 1831 1278 1887 quod
1313 1844 1338 1874 e
1371 1831 1507 1874 caelo
1534 1839 1583 1874 et
1611 1831 1793 1873 malum
1821 1831 1953 1887 quod
1981 1844 2040 1874 ex
2068 1829 2273 1880 inferno,

413 1898 481 1941 ita
502 1898 635 1954 quod
658 1898 721 1941 sit
743 1897 1085 1954 aequilibrium
1105 1897 1371 1953 spirituale,
1390 1898 1526 1954 quod
1553 1898 1600 1940 in
1624 1911 1711 1940 sua
1727 1898 1941 1940 essentia
1958 1905 2033 1941 est
2054 1897 2274 1940 liberum.

412 1964 559 2022 Quod
583 1964 924 2021 aequilibrium
943 1964 1197 2021 spirituale
1222 1964 1270 2007 in
1294 1978 1382 2007 sua
1403 1964 1615 2007 essentia
1638 1964 1702 2007 sit
1724 1964 1944 2014 liberum,
1964 1972 2039 2008 est
2063 1960 2179 2020 quia
2199 1968 2276 2007 est'

412 2031 540 2074 inter
561 2032 747 2074 bonum
771 2039 821 2083 et
843 2032 1039 2081 malurn,
1064 2045 1120 2075 30
1148 2031 1276 2074 inter
1296 2045 1466 2074 verum
1490 2039 1539 2074 et
1562 2030 1751 2080 falsum,
1776 2038 1826 2074 et
1852 2031 1975 2074 haec
1997 2038 2114 2074 sunt
2135 2030 2276 2087 spiri-

410 2098 562 2141 tualia
579 2113 587 2148 ;
615 2106 918 2154 quapropter
935 2111 1079 2154 posse
1095 2098 1222 2141 velle
1239 2099 1424 2141 bonum
1444 2106 1529 2140 aut
1549 2098 1744 2147 malurn,
1765 2106 1851 2140 aut
1868 2097 2084 2154 cogitare
2100 2110 2272 2140 verum

410 2173 496 2208 aut
514 2164 703 2215 falsum,
723 2178 779 2207 ac
801 2165 979 2222 eligere
998 2179 1150 2207 unum
1170 2178 1285 2221 prae
1303 2165 1471 2214 altero,
1492 2173 1566 2208 est
1588 2165 1810 2208 liberum.
1830 2198 1839 2208 .
1859 2198 1868 2208 .
1888 2198 1897 2208 .
1935 2163 2046 2207 Hoc
2068 2164 2274 2207 liberum

412 2233 557 2275 datur
579 2231 821 2276 unicuivis
845 2231 1035 2275 homini
1058 2246 1087 2275 a
1111 2231 1342 2281 Domino,
1362 2245 1452 2275 nec
1475 2245 1680 2288 usquam
1699 2231 1942 2281 aufertur;
1975 2239 2051 2275 est
2073 2231 2274 2288 quidem

411 2313 470 2342 ex
493 2313 580 2343 sua
597 2299 786 2356 origine
805 2313 904 2342 non
923 2299 1137 2342 hominis
1157 2300 1242 2342 sed
1265 2299 1481 2348 Domini,
1500 2299 1615 2355 quia
1632 2308 1706 2342 est
1724 2312 1752 2341 a
1776 2298 1992 2342 Domino
2009 2313 2019 2348 ;
2052 2307 2102 2342 at
2121 2312 2275 2355 usque

410 2380 521 2409 cum
540 2366 643 2408 vita
660 2367 874 2409 donatur
890 2365 1079 2408 homini
1103 2366 1230 2409 sicut
1253 2379 1410 2415 suum,
1430 2373 1480 2409 et
1503 2366 1598 2408 hoc
1621 2379 1680 2408 ex
1703 2379 1849 2408 causa
1870 2373 1926 2408 ut
1949 2365 2100 2408 homo
2118 2365 2275 2421 possit

411 2432 668 2476 reformari
693 2440 742 2475 et
768 2432 958 2482 salvari,
983 2446 1094 2475 nam
1119 2433 1302 2488 absque
1328 2433 1482 2475 libero
1506 2432 1639 2474 nulla
1664 2431 1947 2474 reformatio
1973 2440 2023 2474 et
2049 2431 2272 2475 salvatio.

411 2498 633 2557 Quisque
651 2513 710 2542 ex
735 2499 998 2543 intuitione
1017 2499 1182 2556 aliqua
1204 2499 1430 2542 rationali
1449 2499 1617 2542 videre
1641 2507 1806 2555 potest
1828 2499 1960 2555 quod
1986 2498 2035 2541 in
2058 2499 2273 2542 hominis

410 2567 564 2610 libero
599 2567 663 2609 sit
700 2567 918 2623 cogitare
946 2567 1071 2610 male
1108 2567 1186 2610 vel
1224 2567 1361 2615 bene,
1400 2566 1586 2609 sincere
1623 2567 1701 2609 vel
1742 2565 1995 2615 insincere,
2029 2566 2159 2622 juste
2195 2566 2272 2608 vel

412 2634 619 2690 injuste;
652 2642 702 2676 et
724 2647 920 2690 quoque
943 2634 1074 2690 quod
1104 2634 1260 2690 possit
1283 2634 1417 2690 loqui
1441 2642 1490 2677 et
1517 2647 1659 2690 agere
1678 2634 1815 2682 bene,
1839 2632 2026 2676 51110οῑ0
2053 2641 2102 2676 et
2126 2633 2271 2688 juste,

411 2701 495 2744 sed
522 2715 620 2743 non
646 2701 784 2750 male,
811 2701 1050 2744 insincere
1073 2709 1123 2744 et
1147 2701 1328 2757 injuste
1353 2709 1554 2757 propter
1575 2702 1707 2758 leges
1727 2734 1735 2743 .
1757 2734 1765 2743 .
1786 2700 1993 2743 morales
2017 2708 2066 2743 et
2088 2698 2271 2749 civiles,

411 2781 497 2824 per
519 2781 639 2824 quas
663 2775 919 2811 externum
943 2768 1048 2824 ejus
1071 2776 1270 2811 tenetur
1293 2768 1341 2810 in
1366 2767 1588 2811 vinculis.
1655 2767 1726 2810 Ex
1754 2767 1830 2810 his
1858 2774 1993 2822 patet
2015 2766 2147 2823 quod
2176 2766 2273 2823 spi-

410 2835 533 2878 ritus
556 2835 784 2884 hominis,
803 2835 886 2891 qui
910 2843 985 2878 est
1002 2835 1085 2891 qui
1109 2835 1296 2892 cogitat
1318 2843 1368 2877 et
1385 2835 1505 2884 vult,
1524 2835 1588 2878 sit
1613 2834 1659 2876 in
1684 2835 1864 2881 libero:
1898 2847 1996 2877 non
2022 2834 2090 2876 ita
2113 2842 2274 2878 exter-

410 2916 528 2944 num
547 2901 775 2951 hominis,
792 2901 924 2959 quod
946 2901 1164 2958 loquitur
1181 2910 1231 2944 et
1248 2902 1362 2958 agit,
1377 2901 1469 2944 nisi
1489 2901 1583 2944 hoc
1598 2901 1662 2944 sit
1680 2901 1950 2944 secundum
1967 2898 2275 2957 supradiftas

410 2969 556 3026 leges.

500 3043 524 3058 “
541 3034 687 3093 Quod
725 3035 877 3078 homo
916 3049 1014 3078 non
1049 3035 1204 3091 possit
1236 3034 1488 3078 reformari
1527 3034 1619 3078 nisi
1658 3035 1722 3077 sit
1760 3034 1808 3076 in
1847 3034 2014 3083 libero,
2049 3041 2124 3077 est
2155 3033 2271 3090 quia

410 3103 628 3146 nascitur
651 3103 698 3145 in
727 3102 889 3145 omnis
915 3102 1109 3158 generis
1133 3103 1271 3151 mala,
1296 3115 1420 3158 quae
1443 3111 1608 3144 tamen
1634 3101 1932 3144 removenda
1954 3108 2070 3143 sunt
2096 3108 2151 3143 ut
2177 3100 2270 3144 sal-

408 3170 510 3213 vari
540 3170 719 3226 possit;
753 3183 842 3212 nec
865 3169 1103 3213 removeri
1132 3177 1340 3226 possunt
1380 3168 1471 3212 nisi
1495 3169 1660 3211 videat
1689 3168 1770 3211 illa
1797 3168 1843 3210 in
1872 3182 1936 3217 se,
1961 3175 2011 3210 et
2035 3175 2273 3224 agnoscat

411 3237 504 3286 illa,
529 3246 577 3280 et
601 3237 714 3280 dein
742 3236 867 3279 nolit
894 3236 986 3285 illa,
1010 3245 1060 3279 et
1086 3237 1286 3279 tandem
1311 3244 1563 3278 aversetur
1586 3235 1691 3284 illa;
1724 3243 1844 3278 tunc
1871 3234 2082 3290 primum
2111 3246 2271 3277 remo-

408 3312 599 3347 ventur.
665 3302 776 3346 Hoc
799 3316 898 3346 non
922 3302 1025 3345 fieri
1050 3310 1226 3358 potest,
1252 3302 1343 3346 nisi
1369 3302 1519 3345 homo
1542 3310 1642 3344 tam
1669 3301 1716 3343 in
1741 3302 1872 3344 bono
1895 3314 2041 3356 quam
2067 3300 2115 3342 in
2139 3300 2270 3343 malo

410 3370 499 3419 sit;
532 3383 591 3413 ex
617 3370 749 3412 bono
776 3369 905 3412 enim
934 3377 1098 3425 potest
1121 3369 1288 3412 videre
1316 3369 1455 3417 mala,
1479 3368 1563 3411 sed
1590 3381 1687 3410 non
1715 3380 1743 3410 a
1770 3367 1900 3409 malo
1924 3367 2066 3409 bona.
2131 3365 2271 3409 Bona

409 3436 692 3492 spiritualia,
716 3449 841 3492 quae
868 3435 1020 3478 homo
1042 3435 1261 3492 cogitare
1288 3442 1465 3491 potest,
1490 3434 1634 3477 discit
1661 3434 1721 3476 ab
1746 3433 1951 3476 infantia
1973 3446 2032 3476 ex
2058 3431 2270 3476 lediione

408 3502 570 3551 Verbi,
585 3511 634 3545 et
652 3516 710 3545 ex
726 3502 1107 3558 praedicatione;
1134 3515 1190 3544 ac
1206 3503 1334 3544 bona
1349 3501 1550 3543 moralia
1564 3509 1613 3543 et
1629 3500 1789 3543 civilia
1804 3514 1862 3543 ex
1875 3500 1977 3542 vita
2005 3500 2050 3542 in
2069 3499 2269 3543 mundo.

412 3568 523 3612 Hoc
547 3569 758 3625 primum
782 3577 856 3612 est
879 3582 966 3611 cur
987 3569 1138 3611 homo
1166 3569 1214 3611 in
1242 3569 1395 3611 libero
1418 3581 1523 3611 esse
1547 3568 1709 3610 debet.
1772 3567 1998 3610 Alterum
2023 3575 2109 3615 est,
2134 3565 2268 3622 quod

409 3636 529 3678 nihil
558 3636 899 3692 approprietur
925 3636 1113 3679 homini
1154 3635 1244 3678 nisi
1279 3635 1411 3691 quod
1447 3634 1501 3677 fit
1533 3648 1591 3677 ex
1623 3631 1883 3676 affectione
1910 3646 2033 3689 quae
2060 3632 2266 3681 amoris:

409 3703 595 3759 reliqua
612 3703 810 3759 quidem
836 3702 1016 3746 intrare
1040 3710 1259 3759 possunt,
1279 3702 1364 3745 sed
1388 3715 1486 3744 non
1511 3701 1638 3743 ultra
1655 3714 1799 3757 quam
1826 3700 1872 3742 in
1895 3699 2265 3757 cogitationem,
