2430 4256
500 447 791 489 ULTIMUM
829 445 1126 499 JUDICIUM
1165 445 1355 486 SUPER
1395 446 1677 485 EAM—N.
1710 449 1789 500 34.
2003 448 2069 502 45

207 589 504 651 charitate,
541 597 599 640 et
638 588 766 639 inde
801 605 914 639 non
947 588 1001 638 in
1034 587 1216 651 veris;
1258 586 1399 638 falsa
1431 586 1652 637 illorum
1686 586 2074 652 significantur

205 686 303 736 per
351 673 571 735 “aquas
617 667 992 719 ascendentes
1037 684 1111 717 ex
1158 666 1597 732 septentrione,''
1644 674 1701 716 et
1749 665 2072 716 devastatio

207 747 501 799 Ecclesiae
524 747 652 798 inde
675 764 772 813 per
798 750 828 771 “
844 746 1048 796 flumen
1071 744 1349 795 inundans
1371 744 1520 811 quod
1547 744 1841 795 inundabit
1864 752 2071 795 terram

205 834 263 878 et
285 826 694 893 plenitudinem
717 825 831 891 ejus
852 823 894 888 ;''
936 829 968 849 “
985 831 1134 875 terra
1149 823 1172 843 ’'
1195 831 1282 874 est
1305 823 1584 884 Ecclesia,
1610 830 1667 875 et
1694 827 1724 847 “
1740 822 2072 890 plenitud0”

205 912 336 956 sunt
369 906 558 956 omnia
590 904 720 970 ejuS.

291 1028 416 1068 “Dic
448 1029 504 1068 ad
541 1029 836 1068 incrustantes
869 1027 1069 1077 ineptum
1076 1057 1214 1074 .....
1238 1026 1333 1066 Fiet
1368 1026 1518 1077 pluvia
1557 1026 1795 1074 inundans,
1830 1039 1917 1077 qua
1948 1023 2072 1066 vosffl

422 1083 591 1134 lapides
607 1083 838 1134 grandinis
860 1082 1020 1121 cadent
1036 1080 1057 1095 ”
1080 1080 1247 1131 (Ezech.
1269 1081 1359 1121 xiii.
1384 1091 1446 1128 11,
1471 1080 1536 1130 13)
1555 1093 1563 1130 ;

209 1212 587 1264 “incrustatio
614 1211 790 1278 inepti
809 1210 832 1229 ’'
854 1216 942 1261 est
970 1209 1324 1261 confirmatio
1351 1209 1490 1271 salsi,
1522 1217 1580 1261 et
1613 1209 1874 1276 “lapides
1902 1226 2071 1276 gran-

193 1291 386 1343 'dinis”
418 1299 549 1343 sunt
581 1290 736 1342 falsa.

291 1413 386 1454 “In
408 1414 699 1454 inundatione
721 1413 1086 1464 supergrediente
1108 1413 1542 1452 consummationem
1564 1411 1695 1451 faciet
1725 1412 1870 1451 locum
1893 1411 2003 1462 ejus,
2030 1419 2073 1452 et

421 1469 625 1508 inimicos
649 1465 836 1520 [Ipsius]
861 1474 1150 1519 persequetur
1171 1467 1314 1518 caligo
1330 1466 1353 1482 '’
1374 1467 1512 1516 (Nalz.
1533 1467 1560 1507 i.
1583 1466 1649 1517 8);

205 1613 303 1663 per
338 1595 848 1647 “inundationem’'
876 1613 1017 1662 quae
1057 1595 1492 1656 consummabit,
1535 1593 1883 1661 significatur
1920 1594 2071 1645 falsi-

204 1673 393 1726 ficatio
425 1675 572 1738 veri3
613 1682 670 1726 et
704 1692 801 1741 per
837 1673 1235 1740 “caliginem,''
1267 1675 1388 1740 ipsa
1415 1691 1546 1724 vera
1578 1674 1633 1723 in
1666 1671 1849 1724 nocte.

291 1803 560 1856 “Dixistisffl
585 1805 841 1846 Excidimus
872 1805 1031 1845 foedus
1057 1817 1156 1844 cum
1180 1812 1337 1851 morte,
1363 1811 1407 1844 et
1427 1817 1525 1844 cum
1557 1803 1732 1843 inferno
1762 1803 1947 1843 fecimus
1969 1805 2073 1843 visi-

421 1873 583 1909 onem;
629 1861 807 1912 quando
838 1860 1060 1910 flagellum
1092 1859 1396 1899 inundationis
1418 1859 1686 1905 transiverit,
1712 1871 1802 1898 non
1834 1859 1984 1898 veniet
2014 1859 2071 1898 ad

422 1929 505 2021 ξιὲε
526 1928 550 1978 ;.
580 1915 822 2020 posuimus)
844 1915 1126 1954 mendacium
1162 1914 1379 1962 fiduciam,
1413 1921 1458 1953 et
1492 1914 1537 1952 in
1567 1913 1761 1953 falsitate
1792 1913 2030 1953 latebimus
2048 1913 2071 1928 ''

483 1984 562 2010 saz.
583 1983 732 2010 xxviu.
756 1980 802 2019 15
839 1981 848 2018 ;

209 2094 591 2146 “inundatio''
623 2094 711 2146 hic
753 2093 1049 2145 manifeste
1089 2111 1189 2161 pro
1228 2093 1458 2144 interitu
1487 2110 1584 2159 per
1622 2091 1778 2153 falsa,
1816 2108 1946 2143 nam
1987 2092 2070 2142 di-

206 2175 349 2226 citur
379 2174 528 2242 quod
556 2174 610 2224 in
647 2173 991 2224 “mendacio
1007 2173 1030 2192 '’
1063 2173 1351 2240 posuerint
1379 2171 1657 2233 fiduciam,
1690 2179 1747 2222 et
1780 2172 1835 2221 in
1871 2170 2069 2222 “falsi-

206 2261 328 2304 tate
341 2252 366 2273 ''
399 2252 660 2304 laterent.
2029 2256 2036 2263 ⁴

292 2377 319 2394 “
337 2376 446 2416 Post
476 2376 751 2426 septimanas
773 2375 1007 2426 sexaginta
1027 2375 1137 2414 duas
1159 2374 1385 2414 excidetur
1407 2373 1611 2421 Messias,
1638 2373 1715 2413 sed
1738 2386 1826 2412 non
1846 2373 1935 2412 Sibi
1954 2385 1962 2418 ;
1998 2373 2072 2412 de-

422 2431 525 2470 inde
554 2431 706 2469 urbem
737 2438 782 2470 et
811 2428 1112 2469 sanctuarium
1144 2430 1299 2480 perdet
1328 2429 1518 2479 populus
1551 2428 1766 2478 Principis
1797 2428 1986 2475 venturi,
2011 2428 2073 2466 ita

423 2493 471 2524 ut
500 2485 600 2589 fin)is
626 2485 722 2535 ejus
744 2497 843 2524 cum
875 2485 1179 2532 inundatione,
1205 2496 1342 2535 usque
1372 2484 1428 2523 ad
1447 2513 1457 2524 .
1479 2515 1488 2524 .
1510 2513 1520 2524 .
1543 2513 1552 2523 .
1573 2483 1874 2522 desolationes
1888 2481 1909 2497 ”
1931 2481 2067 2532 (Dan.

423 2540 480 2580 ix.
504 2541 555 2578 26
589 2552 598 2586 ;

205 2659 346 2711 haec
381 2660 450 2711 de
484 2659 745 2710 Ecclesia
771 2667 1010 2710 ventura
1043 2659 1381 2720 Christiana,
1417 2659 1471 2709 in
1505 2675 1614 2726 qua
1646 2659 1919 2725 periturus
1953 2657 2069 2708 cul-

206 2746 296 2790 tus
326 2738 570 2799 Domini,
597 2739 745 2805 quod
773 2738 1110 2805 intelligitur
1137 2755 1234 2804 per
1261 2738 1410 2804 quod
1442 2738 1785 2788 “excidetur
1814 2736 2066 2796 MessiaS,

207 2817 306 2868 sed
339 2833 452 2868 non
486 2816 601 2868 Sibi
622 2817 663 2881 ;’‘
703 2818 851 2884 quod
885 2819 1130 2884 peritura
1163 2818 1234 2868 sit
1268 2834 1365 2883 per
1395 2815 1829 2875 falsificationeS,
1861 2814 2069 2865 intelli-

207 2903 417 2961 guntur
442 2913 542 2962 per
569 2896 718 2962 quod
747 2895 868 2946 finis
898 2895 1011 2962 ejus
1039 2895 1252 2946 futurus
1281 2896 1352 2945 sit
1384 2899 1556 2945 “cum
1586 2894 1950 2943 inundatione
1979 2909 2069 2942 us-

208 2991 314 3041 que
365 2974 437 3025 ad
500 2973 884 3025 desolationes
906 2974 948 3038 ;'’
1009 2972 1377 3024 “desolatio'’
1430 2980 1517 3023 est
1580 2971 1894 3022 falsificatio
1957 2970 2068 3020 illa.

209 3052 348 3104 Inde
377 3060 464 3103 est
497 3053 645 3119 quod
680 3061 979 3120 postquam
1010 3052 1285 3103 Dominus
1315 3051 1536 3101 locutus
1565 3058 1651 3100 est
1685 3049 1753 3099 de
1780 3053 1811 3074 “
1830 3048 2068 3098 Abomi-

208 3131 438 3181 natione
487 3130 873 3181 Desolationis
920 3128 1240 3197 praedictae
1286 3147 1318 3179 a
1371 3128 1606 3179 Daniele
1659 3126 1972 3194 propheta’'
2012 3134 2069 3177 et

209 3209 278 3260 de
314 3208 864 3260 “Consummatione
894 3208 1151 3260 Saeculi’'
1185 3225 1282 3274 per
1314 3206 1486 3267 illam,
1523 3207 1668 3256 dixit
1701 3205 1850 3271 quod

289 3337 524 3376 Adventus
555 3350 660 3376 suus
691 3337 863 3376 futurus
894 3338 951 3376 sit
981 3337 1092 3376 sicut
1113 3337 1267 3375 diebus
1298 3335 1402 3374 dum
1424 3335 1548 3374 venit
1576 3333 1790 3373 diluvium
1822 3340 1865 3372 et
1894 3332 2071 3372 sustulit

425 3404 582 3431 omnes
603 3391 781 3442 (Matth.
802 3392 921 3432 xxiv,
945 3400 1008 3440 15,
1030 3390 1111 3441 39).

212 3461 378 3559 Quod
411 3511 509 3561 per

291 3604 654 3645 Submersionem
679 3605 924 3646 Pharaonis
945 3613 989 3645 et
1010 3605 1334 3656 Aegyptiorum
1356 3603 1402 3643 in
1426 3602 1541 3643 Mari
1564 3602 1683 3653 Suph
1704 3601 1859 3652 (Exod.
1879 3600 2003 3651 xiv.),

210 3722 469 3775 interitus
509 3740 606 3790 per
650 3723 790 3775 falsa
835 3724 890 3774 in
929 3741 1095 3774 sensu
1135 3722 1408 3790 spirituali
1447 3720 1814 3787 intelligatur,
1858 3721 1911 3770 in
1949 3720 2067 3771 Ar-
