2430 4256
263 442 603 483 ECCLESIAE
631 443 1070 484 ISRAELITICAE
1098 442 1331 484 STATUS
1359 443 1827 485 SECUNDUS.—-N.
1856 445 1934 499 51.
2003 434 2066 486 61

204 585 432 637 mittere
477 586 531 636 in
579 587 824 637 medium
863 586 1047 637 focum
1087 585 1300 652 speculi
1341 586 1590 647 caustici,
1634 595 1730 638 aut
1770 596 2069 654 argentum

201 665 388 716 vivum
422 666 476 716 in
511 665 754 732 tigillum
787 665 1036 716 candens
1069 665 1124 714 in
1158 666 1398 725 camino,
1441 682 1582 732 quae
1615 667 1801 717 subito
1835 667 2070 732 dissipa-

199 751 407 795 rentur.
486 744 591 796 Est
625 746 774 796 enim
805 743 1061 811 Jehovah
1102 745 1245 795 sicut
1286 745 1430 809 ignis
1463 745 1666 795 ardens
1700 763 1772 795 ex
1815 745 1937 796 zelo
1970 745 2069 796 Di-

198 822 311 873 vini
338 822 569 874 Amoris
603 824 716 886 sui;
764 825 818 874 in
852 841 963 890 quo
995 824 1039 873 si
1071 823 1284 890 absque
1321 823 1589 874 Humano
1621 825 1856 875 intraret
1889 824 2070 876 homi-

199 917 348 962 nem,
383 903 678 970 dissiparet
718 902 892 962 illum,
927 903 1070 953 sicut
1103 902 1274 952 modo
1307 899 1517 953 dictum
1551 911 1670 964 est;
1726 920 1895 968 quare
1927 904 2071 955 dixit

197 980 271 1031 ad
317 981 538 1042 Mosen,
581 998 707 1033 curn
747 981 927 1032 voluit
975 980 1150 1032 oculis
1196 982 1306 1031 suis
1353 981 1543 1031 videre
1583 981 1823 1046 gloriam
1871 982 2068 1048 IpsiuS,

198 1060 348 1127 quod
378 1078 489 1111 non
513 1068 704 1128 posset
728 1060 871 1111 ullus
893 1060 1065 1111 homo
1086 1060 1276 1110 videre
1301 1060 1488 1126 Ipsum
1518 1068 1574 1110 et
1603 1061 1806 1111 vivere.
1883 1060 2071 1112 Aliter

195 1156 329 1191 vero
362 1149 661 1207 postquam
683 1139 1009 1190 Humanum
1034 1138 1308 1190 Naturale
1331 1140 1650 1205 assumpsit,
1678 1152 1734 1190 et
1762 1139 1868 1190 hoc
1898 1140 2070 1206 glori·

197 1215 426 1268 ficatum
460 1220 636 1269 univit
671 1218 877 1269 Divino
910 1235 1028 1278 suo,
1063 1226 1121 1269 et
1159 1219 1235 1268 sic
1270 1219 1324 1268 in
1366 1217 1438 1268 Se
1471 1218 1765 1283 conjunxit
1807 1218 2070 1270 Divinum

198 1295 477 1358 Caeleste,
505 1297 768 1348 Divinum
791 1296 1090 1364 Spirituale
1119 1304 1176 1348 et
1206 1297 1473 1347 Divinum
1499 1297 1771 1348 Naturale
1799 1298 1853 1347 in
1883 1315 2068 1349 unum.

197 1374 357 1426 Tunc
381 1377 562 1442 potuit
585 1393 683 1443 per
704 1376 810 1427 hoc
840 1375 912 1427 Se
934 1375 1275 1442 conjungere
1297 1375 1510 1426 homini
1538 1376 1591 1425 in
1618 1375 1873 1434 naturali,
1898 1376 2069 1426 immo

196 1454 252 1504 in
284 1455 525 1506 sensuali
558 1456 688 1522 ejuS,
725 1464 782 1506 et
816 1455 977 1506 simul
1012 1456 1226 1522 spiritui
1259 1473 1357 1506 seu
1390 1455 1565 1505 menti
1599 1454 1712 1520 ejus
1745 1455 1799 1504 in
1832 1453 1947 1519 ejus
1980 1472 2067 1505 ra-

196 1533 409 1594 tionali,
444 1551 508 1586 ac
549 1535 628 1586 ita
667 1534 782 1600 ejus
823 1534 1078 1586 naturale
1116 1534 1304 1586 lumen
1337 1534 1616 1586 illustrare
1657 1533 1778 1584 luce
1818 1533 2064 1585 caelesti.

197 1611 364 1679 Quod
397 1622 526 1680 post
560 1613 891 1665 Adventum
918 1613 1166 1679 Jehovae
1198 1614 1252 1664 in
1287 1614 1555 1664 mundum
1589 1613 1718 1663 talis
1751 1610 2068 1678 conjunctio

195 1689 343 1743 saeta
373 1693 463 1754 sit,
499 1700 659 1759 patet
693 1694 747 1743 in
781 1693 1067 1744 evidentia
1099 1710 1173 1744 ex
1208 1693 1389 1759 Ipsius
1423 1692 1652 1743 Domini
1684 1692 1899 1743 verbis:

281 1817 309 1834 ‘⁸
323 1815 376 1856 In
397 1816 469 1856 die
487 1817 562 1856 illo
579 1817 858 1866 cognoscetis
875 1817 993 1868 quod
1017 1816 1112 1868 Ego
1129 1816 1174 1856 in
1198 1816 1329 1856 Patre
1348 1815 1466 1858 Meo.
1487 1823 1531 1855 et
1551 1828 1632 1855 vos
1655 1816 1698 1854 in
1724 1815 1814 1863 Me,
1835 1823 1878 1855 et
1901 1815 1996 1866 Ego
2018 1816 2062 1856 in

412 1872 542 1911 vobis
556 1871 579 1886 '³
601 1872 726 1924 (Jolz.
747 1872 835 1911 xiv.
858 1871 940 1922 20).

196 2001 359 2052 Nunc
401 2008 708 2067 antequam
742 2000 1066 2051 Incarnatio
1104 1999 1356 2066 Jehovae
1396 1997 1544 2051 facta
1583 2007 1686 2061 est,
1724 2016 1837 2050 non
1878 1999 2062 2065 potuit

195 2077 515 2147 conjunctio
537 2078 653 2133 fieri
674 2088 840 2146 quam
864 2096 962 2146 per
984 2079 1268 2146 angelum,
1290 2080 1368 2130 ita
1392 2095 1489 2144 per
1510 2078 1815 2128 humanum
1839 2095 2062 2144 reprae-

195 2159 574 2222 sentativum;
615 2165 916 2225 propterea
948 2159 1121 2209 etiarn
1149 2159 1338 2208 omnia
1371 2156 1663 2208 Ecclesiae
1693 2173 1883 2207 eorum
1916 2154 2062 2207 facta

195 2246 327 2290 sunt
365 2239 879 2304 repraesentativa;
935 2237 1169 2304 proinde
1209 2237 1359 2304 quod
1404 2254 1502 2303 per
1541 2244 1710 2302 typos
1750 2235 2061 2286 afficientes

195 2334 390 2368 sensus
418 2317 665 2384 corporis
694 2333 903 2378 eorum,
935 2324 992 2367 et
1026 2315 1187 2366 simul
1222 2315 1731 2382 correspondentes
1761 2314 2059 2381 spirituali-

193 2397 314 2458 bus,
336 2395 612 2462 Jehovam
641 2395 910 2446 colerent.
988 2395 1128 2445 Inde
1157 2402 1277 2445 erat
1306 2394 1454 2461 quod
1483 2394 1738 2443 homines
1768 2393 2059 2444 Ecclesiae

194 2474 502 2542 Antiquae,
526 2482 585 2525 et
613 2474 794 2525 adhuc
823 2473 946 2541 plus
974 2473 1230 2524 homines
1254 2472 1546 2523 Ecclesiae
1572 2471 1931 2532 Israeliticae,
1957 2490 2058 2522 ex-

195 2555 340 2606 terni
361 2562 419 2604 et
447 2553 733 2604 naturales
754 2553 1011 2604 homines
1033 2553 1253 2613 fuerint,
1279 2568 1381 2602 nec
1405 2550 1519 2601 fieri
1548 2552 1832 2617 potuerint
1856 2552 2059 2601 interni

195 2641 254 2685 et
286 2631 620 2700 spiritualeS,
657 2633 800 2683 sicut
840 2631 955 2683 fieri
995 2639 1236 2698 possunt*
1268 2631 1524 2681 homines
1564 2637 1693 2696 post
1727 2629 2056 2679 Adventum

195 2712 440 2763 Domini.
488 2711 572 2762 At
591 2728 763 2778 usque
781 2710 860 2761 illi
878 2713 967 2778 qui
987 2717 1342 2776 agnoverunt
1357 2708 1651 2775 Jehovam,
1675 2715 1731 2758 et
1751 2707 1911 2757 simul
1932 2725 2057 2758 cum

195 2790 330 2858 Ipso
356 2789 699 2855 Adonajum,
725 2789 832 2840 hoc
862 2798 967 2850 est,
995 2790 1300 2839 Dominum
1329 2795 1644 2846 venturum,
1671 2787 1760 2852 qui
1788 2787 1842 2835 in
1866 2786 2058 2837 Verbo

196 2869 519 2921 nominatur
549 2869 874 2918 “Dominus
903 2866 1191 2934 Jehovih,''
1224 2867 1425 2916 “Deus
1459 2865 1680 2915 Israelis
1695 2865 1717 2883 '⁹
1746 2872 1802 2915 et
1835 2863 2057 2915 “Sanc-

195 2956 288 3000 tus
326 2947 490 3014 ejus,'’
526 2947 848 2997 “Messias'’
881 2965 979 2998 seu
1014 2943 1283 2997 “Unctus
1314 2943 1611 3010 Jehovae,’'
1648 2942 1872 3002 “ReX,”
1909 2942 2058 2993 “Pe-

196 3026 333 3088 tr‘a,'’
354 3035 412 3078 et
434 3026 637 3077 alicubi
662 3031 693 3050 “
711 3025 933 3086 Filius,‘'
956 3033 1014 3076 et
1037 3025 1331 3075 coluerunt
1362 3022 1498 3072 Illos
1521 3021 1701 3081 simul,
1726 3028 2058 3087 receperunt

197 3103 454 3156 sanetum
486 3106 540 3155 in
574 3105 856 3171 spiritibus
895 3104 1136 3164 illorum,
1173 3110 1230 3153 et
1263 3102 1393 3152 inde
1433 3102 1488 3151 in
1528 3101 1733 3167 typicis
1773 3099 2058 3165 religionis

197 3200 404 3235 eorum.
463 3183 684 3250 Reliqui
706 3191 897 3234 autem
920 3200 1034 3233 non
1062 3188 1394 3247 receperunt
1418 3197 1428 3242 ;
1464 3180 1610 3229 unde
1643 3179 1838 3228 horum
1862 3177 2058 3242 religio

198 3279 312 3314 non
332 3263 432 3314 fuit
459 3262 657 3328 religio
685 3262 784 3312 sed
813 3253 1155 3328 s'uperstitio,
1181 3267 1238 3310 et
1268 3259 1463 3308 horum
1489 3257 1672 3308 cultus
1696 3273 1807 3305 non
1836 3273 2058 3321 reprae-

199 3342 514 3392 sentativus
547 3341 645 3391 sed
685 3339 1104 3400 idololatricus;
1146 3345 1203 3388 et
1237 3337 1324 3386 hic
1366 3336 1595 3386 tametsi
1635 3334 1827 3383 similis
1866 3334 1964 3383 fuit
2004 3334 2059 3383 in

199 3427 439 3471 externa
465 3419 659 3479 forma,
690 3435 862 3485 usque
891 3416 1172 3467 dissimilis
1200 3415 1299 3465 fuit
1328 3415 1382 3464 in
1411 3415 1646 3463 interna.
1724 3411 1834 3462 Sed
1862 3420 1922 3462 ut
1950 3411 2057 3462 hoc

198 3497 512 3548 faeneretur
543 3497 787 3564 aliquam
821 3496 1021 3555 lucem,
1057 3494 1426 3545 illustrabitur
1458 3509 1555 3558 per
1588 3491 2058 3556 comparationes,

200 3573 398 3626 Cultus
437 3574 824 3625 idololatricus
860 3581 947 3624 est
982 3574 1125 3623 sicut
1158 3572 1249 3638 qui
1280 3578 1579 3620 veneratur
1610 3577 1820 3634 regem,
1856 3568 2059 3633 princi-

200 3669 347 3719 pem,
371 3660 718 3718 magnatem,
743 3659 839 3702 aut
867 3650 1108 3717 aliquem
1138 3648 1401 3699 excelsae
1427 3647 1720 3712 dignitatis
1748 3647 1942 3706 virum,
1967 3663 2057 3695 so-

201 3730 315 3781 lum
342 3747 416 3781 ex
445 3747 651 3796 pompa
673 3729 978 3779 aulicorum
1002 3727 1132 3793 ejus,
1158 3745 1231 3777 ex
1259 3724 1680 3791 magnificentia
1703 3740 1975 3783 curruum,
2000 3731 2059 3774 et
