2496 4250
386 407 459 459 40
865 408 1158 451 CANONES
1196 410 1412 452 NOVAE
1451 412 1810 454 ECCLESIAE.

733 549 1022 602 tritionem
1053 558 1111 602 et
1139 552 1566 618 paenitentiam.
1631 553 1757 606 Hae
1786 555 1929 607 duae
1957 564 2087 608 sunt
2116 563 2244 609 ten-

739 629 987 679 tationes
1019 647 1160 696 quae
1194 638 1325 682 sunt
1357 631 1542 682 media
1569 634 2068 699 regenerationis.÷÷

926 1010 1237 1066 1¹1CAPUT
1294 1013 1709 1068 OCTAVUM.

389 1203 574 1271 QUOD
615 1205 996 1257 REDEMP‘rIo
1036 1218 1169 1258 NON
1210 1218 1523 1260 POTUERIT
1555 1220 1778 1270 EFFICI,
1811 1221 1890 1260 ET
1929 1221 2084 1262 INDE
2124 1222 2248 1263 NEC

635 1283 960 1336 SALVATIO
1000 1297 1174 1347 DARI,
1216 1297 1342 1337 NISI
1380 1299 1422 1338 A
1462 1287 1599 1338 DEo
1632 1299 2025 1340 INCARNATO.

499 1450 540 1487 1.
599 1435 767 1503 Quod
800 1436 1054 1488 Verbum
1087 1437 1314 1489 Veteris
1354 1446 1412 1490 et
1454 1439 1602 1490 Novi
1641 1439 2001 1492 Testamenti
2041 1441 2248 1493 doceat

740 1516 889 1582 quod
924 1516 1076 1566 Deus
1109 1517 1434 1567 incarnatus
1462 1519 1550 1568 sit.

493 1607 540 1644 2.
597 1592 764 1660 Quod
787 1595 969 1644 omnis
1003 1594 1189 1645 cultus
1219 1595 1494 1646 ecclesiae
1525 1603 1659 1647 ante
1682 1597 1864 1648 Deum
1893 1598 2248 1648 incarnatum

738 1673 1157 1723 adumbraverit
1180 1681 1237 1724 et
1262 1672 1600 1739 spectaverit
1631 1675 1820 1740 Ipsum
1840 1684 2042 1741 postea
2064 1677 2248 1727 incar-

741 1751 938 1794 natum
965 1761 975 1804 ;
1018 1751 1076 1793 et
1109 1743 1259 1809 quod
1292 1745 1422 1794 inde
1455 1752 1512 1795 et
1547 1761 1659 1795 non
1692 1745 1915 1797 aliunde
1944 1745 2128 1797 cultus
2155 1746 2248 1798 ille

739 1821 902 1872 fuerit
931 1822 1182 1872 Divinus.

497 1913 541 1964 3.
592 1898 759 1965 Quod
789 1900 942 1950 Deus
969 1901 1295 1952 incarnatus
1328 1901 1400 1952 sit
1427 1901 1729 1967 “Jehovah
1755 1903 1982 1968 Justitia
2004 1904 2250 1963 nostra,'’

745 1979 1047 2044 “Jehovah
1082 1979 1428 2046 Redemptio
1461 1981 1705 2042 nostra,”
1742 1981 2045 2047 “Jehovah
2085 1981 2248 2032 Salus

742 2057 986 2118 nostra,''
1008 2066 1066 2108 et
1099 2058 1406 2124 “Jehovah
1439 2058 1668 2109 Veritas
1715 2068 1909 2110 nostra
1931 2059 1973 2123 ;''
2006 2069 2063 2111 et
2097 2061 2248 2126 quod

740 2135 881 2186 haec
905 2137 1095 2187 omnia
1122 2136 1517 2202 intelligantur
1549 2154 1647 2204 per
1674 2138 1785 2189 duo
1818 2139 2062 2199 nomina,
2085 2138 2247 2204 Jesus

741 2213 1015 2265 ChristuS.

492 2306 541 2356 4.
597 2291 765 2358 Quod
806 2293 959 2343 Deus
1011 2310 1122 2344 non
1165 2294 1489 2344 incarnatus
1537 2310 1650 2344 non
1702 2295 1947 2360 potuerit
1998 2311 2249 2361 pugnare

743 2379 944 2422 contra
975 2372 1206 2434 inferna,
1242 2380 1299 2423 et
1332 2372 1429 2423 illa
1460 2373 1700 2423 vincere.

498 2461 542 2515 5.
601 2448 770 2515 Quod
805 2450 958 2500 Deus
998 2467 1110 2501 non
1145 2452 1469 2501 incarnatus
1503 2467 1616 2501 non
1649 2453 1896 2518 potuerit
1930 2453 2155 2512 tentari,
2191 2459 2249 2503 et

741 2529 921 2578 minus
955 2529 1135 2580 adhuc
1171 2530 1289 2596 pati
1322 2545 1563 2579 crucem.

493 2605 541 2656 6.
599 2605 766 2672 Quod
807 2607 960 2657 Deus
1007 2624 1119 2658 non
1172 2609 1497 2658 incarnatus
1538 2624 1649 2658 non
1690 2609 1938 2674 potuerit
1978 2608 2150 2658 videri
2190 2615 2248 2658 et

741 2687 1030 2752 cognosci,
1085 2688 1166 2738 ita
1216 2703 1318 2737 nec
1371 2687 1525 2747 adiri,
1580 2695 1638 2738 et
1691 2688 1767 2737 sic
1821 2704 1933 2738 non
1985 2686 2247 2752 conjungi

741 2762 1061 2812 hominibus
1094 2770 1151 2814 et
1184 2761 1420 2828 angeliS,
1457 2763 1559 2813 nisi
1593 2780 1691 2829 per
1719 2762 1791 2814 Se
1823 2764 2194 2814 incarnatum.

493 2851 541 2904 7.
602 2837 770 2905 Quod
810 2839 947 2890 fides
986 2841 1041 2890 in
1090 2841 1273 2891 Deum
1320 2856 1434 2890 non
1481 2841 1835 2891 incarnatum
1887 2857 2000 2891 non
2046 2840 2247 2890 dabilis

741 2918 832 2979 sit,
868 2918 967 2968 sed
1000 2918 1171 2968 modo
1202 2919 1256 2968 in
1291 2918 1482 2984 Ipsum
1516 2919 1889 2969 incarnatum.

462 3087 489 3114 ³⁸
521 3088 900 3136 [ANNo‘rATmNEs
927 3096 956 3125 E
982 3089 1414 3136 MARGINE:—]Quod
1442 3089 1641 3125 Dominus
1662 3095 1706 3125 ut
1726 3089 1924 3136 Propheta
1943 3089 2155 3137 portaverit
2180 3089 2252 3125 ini-

390 3145 558 3191 quitates
578 3145 779 3182 Ecclesiae
796 3145 1001 3194 Judaicae,
1022 3151 1060 3181 et
1078 3156 1160 3182 non
1179 3145 1376 3181 sustulerit
1394 3143 1535 3182 [2Ji11a5.

465 3202 587 3247 Quod
613 3201 845 3248 glorificatio
874 3202 1014 3248 Ipsius,
1034 3212 1105 3238 seu
1131 3201 1257 3237 unitio
1284 3212 1375 3238 cum
1405 3201 1554 3237 Divino
1583 3201 1707 3237 Patris
1733 3201 1806 3244 sui,
1829 3199 1983 3247 [slquod
2009 3201 2048 3237 in
2068 3201 2162 3248 Ipso
2180 3201 2251 3237 fuit

388 3257 489 3294 sicut
515 3257 648 3294 anima
673 3258 712 3293 in
741 3257 914 3300 homine,
935 3269 1016 3293 non
1043 3258 1215 3304 potuerit
1241 3257 1324 3293 fieri
1351 3257 1424 3292 nisi
1451 3268 1523 3303 per
1550 3258 1821 3304 operationem
1847 3257 2109 3304 reciprocam:
2141 3258 2252 3303 quod

393 3314 628 3349 Humanum
648 3319 883 3360 cooperetur
909 3324 999 3349 cum
1021 3311 1234 3350 [41Divinoz
1272 3313 1382 3359 quod
1408 3318 1541 3348 tamen
1566 3313 1832 3360 principaliter
1848 3324 1872 3349 a
1899 3313 2044 3350 Divino
2075 3318 2152 3355 est:
2179 3313 2251 3349 sed

391 3380 516 3416 usque
534 3370 719 3416 receptio,
739 3369 857 3412 aetio,
876 3380 947 3405 seu
966 3369 1127 3412 readtio,
1147 3369 1198 3404 ab
1220 3369 1412 3405 Humano
1430 3374 1474 3404 ut
1491 3380 1515 3404 a
1534 3369 1597 3406 Se.

464 3426 544 3462 Sed
562 3427 672 3471 quod
692 3430 885 3471 quantum
904 3424 1162 3472 conjundtum
1181 3425 1264 3468 fuit,
1283 3429 1464 3471 ageretur
1480 3425 1595 3460 simul
1614 3425 1665 3461 ab
1684 3430 1865 3471 utroque.

465 3481 650 3517 Similiter
667 3487 709 3517 ut
729 3482 850 3517 homo
869 3486 1120 3528 regeneratur
1138 3486 1176 3516 et
1194 3480 1237 3516 fit
1255 3480 1464 3527 spiritualis
1482 3491 1506 3516 a
1526 3481 1715 3518 Domino.

465 3538 588 3583 Quod
606 3539 701 3573 dum
721 3537 860 3580 infans,
877 3536 1034 3573 [slsuerit
1051 3537 1152 3574 sicut
1169 3536 1314 3580 infans:
1343 3537 1453 3582 quod
1467 3537 1563 3572 dum
1582 3547 1693 3583 puer,
1709 3541 1748 3572 et
1766 3547 1814 3572 ex
1831 3547 1969 3583 puero,
1986 3534 2191 3574 [⁶]creverit
2210 3535 2249 3572 in

390 3594 581 3642 sapientia
600 3594 716 3641 (Luc.
736 3594 774 3631 ii.
794 3604 855 3639 40,
875 3593 955 3640 50).

466 3651 587 3695 Quod
607 3661 687 3686 non
708 3648 922 3696 [71potuen't
940 3649 1047 3685 nasci
1066 3648 1278 3696 Sapientia,
1298 3649 1367 3684 sed
1386 3648 1468 3684 fieri
1487 3649 1707 3685 secundum
1727 3648 1921 3686 ordinem.

467 3707 586 3751 Quod
606 3717 834 3753 progressus
852 3705 899 3742 sit
917 3706 968 3742 ad
987 3705 1145 3753 plenam
1165 3704 1501 3753 conjunctionem.
