2496 4250
372 426 437 466 10
1046 426 1128 466 DE
1167 425 1552 467 CHARITATE.

365 565 463 616 det
503 565 652 632 quod
690 565 1066 632 impoenitens
1105 566 1176 617 sit
1215 565 1427 630 malus;
1474 575 1531 618 et
1570 567 1690 634 quis
1735 585 1847 618 non
1886 567 2040 620 videt
2079 568 2229 636 quod

364 642 541 694 malus
570 660 682 694 non
720 643 927 695 habeat
964 644 1330 708 charitatem;
1371 653 1429 696 et
1469 647 1587 712 quis
1616 663 1727 696 non
1756 647 1910 697 videt
1949 647 2097 713 quod
2135 647 2228 714 qui

364 737 475 771 non
504 721 839 772 charitatem
861 723 1050 783 habet,
1079 721 1239 790 [non]
1271 725 1448 789 possit
1476 724 1656 775 facere
1685 725 2052 789 charitatem3
2094 725 2229 776 cha-

362 799 497 849 ritas
525 800 629 850 erit
657 817 731 850 ex
755 800 1030 851 charitate
1058 801 1112 851 in
1140 801 1382 853 homine.

465 956 514 1008 6.
567 956 663 1008 Ad
703 957 869 1009 finem
898 959 1196 1011 afferantur
1234 960 1418 1027 aliqua
1456 979 1528 1012 ex
1557 961 1767 1022 Verb0‚
1797 969 1857 1013 ut
1898 979 1971 1012 ex
2003 961 2229 1014 Domini

360 1036 543 1086 verbis
571 1036 642 1086 ad
670 1036 1012 1099 Pharisae05‚
1043 1039 1191 1105 quod
1231 1038 1602 1105 purificandus
1629 1041 1878 1091 internus
1905 1040 2093 1091 h0m0.

467 1113 659 1165 Verba
685 1115 834 1181 apud
859 1115 1019 1167 Esaz'.
1049 1117 1081 1168 i.

466 1191 677 1259 Aliqua
703 1210 777 1244 ex
813 1193 920 1244 illis
947 1211 1089 1261 quae
1128 1195 1182 1245 in
1209 1195 1482 1246 DoHrz'na
1522 1195 1678 1247 Vitae
1694 1204 1803 1262 pro
1839 1195 2003 1247 Nova
2026 1194 2228 1255 Hiero·

359 1269 568 1336 sohtma
599 1269 675 1338 (n.
704 1272 868 1338 28—31
896 1289 908 1337 ;
951 1274 1123 1324 etiarn
1155 1273 1367 1342 50-52).

1262 1599 1335 1653 ΙΙ.

360 1754 547 1823 QUOD
598 1768 937 1811 SECUNDUM
987 1770 1372 1812 CHARITATIS
1424 1771 1520 1812 SIT
1565 1771 1810 1812 FACERE
1855 1771 2026 1813 BONA
2071 1771 2224 1824 QUIA

568 1851 729 1893 SUNT
768 1852 934 1894 USUS.

357 1999 737 2067 Exponantur
762 2000 817 2052 in
844 1999 952 2052 hoc
981 2001 1175 2053 ordine
1198 2018 1285 2052 1-

746 2117 778 2159 1.
829 2117 948 2163 Οαοό
963 2131 1044 2160 non
1070 2118 1222 2173 [velle]
1249 2119 1406 2161 malum
1438 2121 1582 2161 facet-e
1598 2118 1791 2174 proximo
1811 2118 1872 2161 sit
1889 2117 2126 2164 charitasa.

739 2198 784 2239 2.
828 2198 946 2243 Quod
966 2199 1071 2241 velle
1092 2198 1242 2240 bonum
1266 2201 1410 2241 facere
1426 2199 1618 2254 proximo
1637 2199 1698 2241 sit
1715 2199 1950 2241 charitatis.

740 2281 786 2323 3.
831 2280 949 2326 Quod
974 2281 1096 2323 homo
1121 2281 1264 2336 possit
1292 2284 1436 2324 facere
1465 2281 1628 2329 bonum,
1657 2283 1769 2336 quod
1795 2281 1933 2323 credit
1959 2292 2058 2323 esse
2077 2279 2219 2323 chari-

907 2336 1022 2383 tatis,
1039 2341 1084 2378 et
1102 2349 1235 2391 usque
1254 2350 1335 2378 non
1354 2340 1502 2391 fugere
1518 2338 1687 2385 malum,
1707 2340 1752 2379 et
1770 2341 1910 2378 tamen
1926 2349 2046 2378 omne
2061 2337 2218 2377 malum

907 2395 978 2433 est
996 2395 1144 2433 contra
1165 2392 1427 2433 charitatem.

739 2470 780 2513 4.
821 2469 940 2515 Quod
956 2470 1072 2512 sicut
1088 2471 1210 2513 homo
1224 2484 1306 2514 non
1326 2473 1414 2513 vult
1435 2473 1578 2513 facere
1594 2473 1750 2514 malum
1758 2470 1964 2526 proximo,
1981 2469 2043 2512 ita
2060 2469 2161 2512 velit
2177 2469 2219 2511 ei

909 2527 1053 2568 facere
1074 2526 1252 2574 bonum:
1283 2530 1326 2568 ei
1344 2540 1425 2568 non
1450 2527 1646 2569 m'ct'ssim.

737 2605 783 2646 5.
828 2604 946 2650 Quod
968 2605 1151 2659 primum
1180 2605 1477 2647 removendum
1507 2605 1568 2647 sit
1593 2606 1759 2653 malum,
1785 2605 1883 2660 quia
1910 2604 1957 2646 id
1982 2607 2053 2646 est
2069 2606 2216 2646 contra

905 2660 1167 2708 charitatem,
1189 2661 1302 2716 quod
1328 2663 1376 2702 m*
1397 2674 1478 2715 per·
1496 2664 1692 2714 spectare
1721 2660 1779 2701 ad
1805 2659 2019 2701 Domitium
2059 2662 2106 2701 et
2134 2670 2216 2712 ρει·

902 2715 1215 2812 ἔῖἒβῖἷέῧέιίαιη,
1250 2719 1475 2771 antequam
1510 2716 1659 2757 bonum
1691 2715 1804 2770 quod
1833 2714 1938 2756 facit
1966 2717 2036 2756 est
2063 2714 2213 2756 bonum

739 2850 781 2891 6.
826 2849 943 2895 Quod
969 2850 1106 2904 qualis
1136 2853 1207 2892 est
1232 2849 1410 2905 coquitlo
1440 2853 1486 2892 et
1514 2849 1610 2892 inde
1638 2849 1816 2891 remotio
1844 2849 1948 2891 mali
1967 2862 2049 2904 pet·
2063 2848 2211 2904 poeni-

906 2906 1092 2953 tentiam,
1115 2907 1201 2947 tale
1221 2906 1282 2947 sit
1302 2905 1452 2947 bonum
1473 2906 1586 2959 quod
1603 2909 1672 2947 est
1690 2905 1923 2946 charitatis.

741 2985 779 3025 7.
823 2983 941 3029 Quod
967 2984 1063 3026 inde
1094 2988 1310 3039 sequatur,
1333 2985 1446 3038 quod
1469 2984 1652 3038 primum
1674 2983 1896 3025 charitatis
1926 2983 1988 3025 sit
2014 2986 2212 3037 spectaro

901 3039 960 3080 ad
987 3040 1202 3081 Dominum
1233 3043 1278 3081 et
1306 3042 1454 3093 fuget-e
1483 3041 1594 3080 mala
1625 3043 1673 3080 ut
1695 3042 1901 3093 peccata:
1932 3042 1977 3080 et
2003 3038 2115 3093 quod
2136 3050 2209 3080 se-

905 3095 1085 3136 cundum
1108 3094 1330 3136 charitatis
1350 3094 1410 3136 sit
1432 3096 1575 3135 facere
1595 3094 1712 3135 bona.

356 3271 388 3312 1.
433 3270 551 3315 Quod
566 3283 647 3312 non
672 3270 777 3312 velle
797 3270 953 3311 malum
976 3271 1119 3311 facere
1135 3268 1326 3324 proximo
1346 3268 1406 3310 sit
1423 3268 1657 3310 charitatis.

457 3382 653 3434 Omnis
681 3382 834 3433 videt
874 3382 1022 3448 quod
1060 3382 1302 3432 charitas
1342 3398 1453 3432 non
1492 3381 1699 3432 malum
1738 3381 1902 3432 facsat
1930 3381 2204 3446 proxim0‚

351 3462 478 3528 quia
505 3462 745 3512 charitas
772 3468 858 3511 est
886 3477 1042 3511 amor
1069 3477 1202 3526 erga
1229 3461 1561 3525 proximum,
1591 3467 1648 3510 et
1676 3460 1765 3525 qui
1793 3467 1943 3509 amat
1966 3459 2204 3524 aliquem

352 3540 515 3590 timet
539 3538 743 3589 malum
768 3539 815 3589 ei
837 3538 1031 3589 facere.
1100 3538 1205 3589 Est
1229 3535 1543 3602 conjunctio
1565 3538 1869 3587 animarum
1892 3538 2035 3587 inter
2055 3536 2202 3597 illos;

352 3617 497 3667 unde
538 3625 641 3679 est,
678 3633 802 3667 cum
843 3615 1049 3667 malum
1088 3616 1219 3667 facit
1258 3617 1306 3666 ei
1346 3616 1430 3665 cui
1470 3631 1565 3680 per
1593 3631 1838 3665 amorem
1879 3612 2203 3680 conjunctus

355 3701 459 3756 est,
512 3695 566 3745 in
617 3695 800 3745 anima
851 3694 1184 3760 percipiatur
1234 3695 1374 3744 sicut
1426 3693 1541 3758 ipse
1593 3693 1693 3743 sibi
1744 3692 1949 3743 malum
1999 3692 2200 3756 saciat;
