<?xml version="1.0" encoding="UTF-8"?>
<!DOCTYPE html PUBLIC "-//W3C//DTD XHTML 1.0 Transitional//EN"
    "http://www.w3.org/TR/xhtml1/DTD/xhtml1-transitional.dtd">
<html xmlns="http://www.w3.org/1999/xhtml" xml:lang="en" lang="en">
 <head>
  <title>
</title>
<meta http-equiv="Content-Type" content="text/html;charset=utf-8" />
  <meta name='ocr-system' content='tesseract 3.04.00' />
  <meta name='ocr-capabilities' content='ocr_page ocr_carea ocr_par ocr_line ocrx_word'/>
</head>
<body>
  <div class='ocr_page' id='page_1' title='image "1885denovahieros00sweduoft_0298.png"; bbox 0 0 2496 4250; ppageno 0'>
   <div class='ocr_carea' id='block_1_1' title="bbox 2230 0 2496 218">
    <p class='ocr_par' dir='ltr' id='par_1_1' title="bbox 2230 0 2496 218">
     <span class='ocr_line' id='line_1_1' title="bbox 2230 0 2496 218; baseline 0 4032"><span class='ocrx_word' id='word_1_1' title='bbox 2230 0 2496 218; x_wconf 95' lang='lat' dir='ltr'> </span> 
     </span>
    </p>
   </div>
   <div class='ocr_carea' id='block_1_2' title="bbox 427 400 1955 472">
    <p class='ocr_par' dir='ltr' id='par_1_2' title="bbox 427 400 1955 472">
     <span class='ocr_line' id='line_1_2' title="bbox 427 400 1955 472; baseline 0.008 -23"><span class='ocrx_word' id='word_1_2' title='bbox 427 400 596 450; x_wconf 84' lang='lat' dir='ltr'>xxxii</span> <span class='ocrx_word' id='word_1_3' title='bbox 769 411 1103 453; x_wconf 87' lang='lat' dir='ltr'><strong>SAPIENTIA</strong></span> <span class='ocrx_word' id='word_1_4' title='bbox 1142 413 1467 455; x_wconf 88' lang='lat' dir='ltr'><strong>ANGELICA</strong></span> <span class='ocrx_word' id='word_1_5' title='bbox 1508 417 1590 456; x_wconf 70' lang='lat' dir='ltr'>DE</span> <span class='ocrx_word' id='word_1_6' title='bbox 1628 417 1955 472; x_wconf 88' lang='lat' dir='ltr'><strong>CONJUGIO.</strong></span> 
     </span>
    </p>
   </div>
   <div class='ocr_carea' id='block_1_3' title="bbox 642 549 2295 670">
    <p class='ocr_par' dir='ltr' id='par_1_3' title="bbox 642 549 2295 670">
     <span class='ocr_line' id='line_1_3' title="bbox 642 549 2295 612; baseline 0.007 -23"><span class='ocrx_word' id='word_1_7' title='bbox 642 549 753 590; x_wconf 91' lang='lat' dir='ltr'>vitae</span> <span class='ocrx_word' id='word_1_8' title='bbox 772 550 990 600; x_wconf 85' lang='lat' dir='ltr'><strong>humanae,</strong></span> <span class='ocrx_word' id='word_1_9' title='bbox 1004 557 1043 591; x_wconf 87' lang='lat' dir='ltr'>et</span> <span class='ocrx_word' id='word_1_10' title='bbox 1062 551 1377 592; x_wconf 88' lang='lat' dir='ltr'>reconditorium</span> <span class='ocrx_word' id='word_1_11' title='bbox 1393 553 1602 607; x_wconf 88' lang='lat' dir='ltr'>religionis</span> <span class='ocrx_word' id='word_1_12' title='bbox 1619 555 1872 597; x_wconf 84' lang='lat' dir='ltr'>Christianae</span> <span class='ocrx_word' id='word_1_13' title='bbox 1896 557 1956 612; x_wconf 89' lang='lat' dir='ltr'>(n.</span> <span class='ocrx_word' id='word_1_14' title='bbox 1973 557 2204 610; x_wconf 89' lang='lat'>1804-1806</span> <span class='ocrx_word' id='word_1_15' title='bbox 2222 565 2295 610; x_wconf 86' lang='lat' dir='ltr'>[De</span> 
     </span>
     <span class='ocr_line' id='line_1_4' title="bbox 657 614 1135 670; baseline 0.004 -18"><span class='ocrx_word' id='word_1_16' title='bbox 657 620 729 653; x_wconf 86' lang='lat' dir='ltr'>4m.</span> <span class='ocrx_word' id='word_1_17' title='bbox 751 620 865 661; x_wconf 58' lang='lat' dir='ltr'>conj„</span> <span class='ocrx_word' id='word_1_18' title='bbox 881 631 915 653; x_wconf 90' lang='lat' dir='ltr'>n.</span> <span class='ocrx_word' id='word_1_19' title='bbox 934 614 1135 670; x_wconf 77' lang='lat' dir='ltr'><strong>456-458J).</strong></span> 
     </span>
    </p>
   </div>
   <div class='ocr_carea' id='block_1_4' title="bbox 560 708 2293 1023">
    <p class='ocr_par' dir='ltr' id='par_1_4' title="bbox 562 708 2293 898">
     <span class='ocr_line' id='line_1_5' title="bbox 562 708 2293 770; baseline 0.006 -24"><span class='ocrx_word' id='word_1_20' title='bbox 562 708 686 760; x_wconf 86' lang='lat' dir='ltr'>Quod</span> <span class='ocrx_word' id='word_1_21' title='bbox 707 709 936 761; x_wconf 84' lang='lat' dir='ltr'>conjugiale</span> <span class='ocrx_word' id='word_1_22' title='bbox 956 709 1059 749; x_wconf 91' lang='lat' dir='ltr'>illud</span> <span class='ocrx_word' id='word_1_23' title='bbox 1079 711 1189 762; x_wconf 90' lang='lat' dir='ltr'>apud</span> <span class='ocrx_word' id='word_1_24' title='bbox 1210 711 1301 750; x_wconf 88' lang='lat' dir='ltr'>illos</span> <span class='ocrx_word' id='word_1_25' title='bbox 1321 711 1390 764; x_wconf 93' lang='lat' dir='ltr'>qui</span> <span class='ocrx_word' id='word_1_26' title='bbox 1404 719 1566 766; x_wconf 91' lang='lat' dir='ltr'>propter</span> <span class='ocrx_word' id='word_1_27' title='bbox 1580 715 1712 754; x_wconf 90' lang='lat' dir='ltr'>varias</span> <span class='ocrx_word' id='word_1_28' title='bbox 1735 727 1875 755; x_wconf 80' lang='lat' dir='ltr'>causas</span> <span class='ocrx_word' id='word_1_29' title='bbox 1896 716 2080 755; x_wconf 90' lang='lat' dir='ltr'>nondum</span> <span class='ocrx_word' id='word_1_30' title='bbox 2101 716 2293 770; x_wconf 84' lang='lat' dir='ltr'>conjugia</span> 
     </span>
     <span class='ocr_line' id='line_1_6' title="bbox 639 772 2291 829; baseline 0.007 -19"><span class='ocrx_word' id='word_1_31' title='bbox 639 778 808 824; x_wconf 85' lang='lat' dir='ltr'>possunt</span> <span class='ocrx_word' id='word_1_32' title='bbox 831 772 946 820; x_wconf 86' lang='lat' dir='ltr'>inire,</span> <span class='ocrx_word' id='word_1_33' title='bbox 967 779 1006 812; x_wconf 90' lang='lat' dir='ltr'>et</span> <span class='ocrx_word' id='word_1_34' title='bbox 1028 780 1192 825; x_wconf 91' lang='lat' dir='ltr'>propter</span> <span class='ocrx_word' id='word_1_35' title='bbox 1210 774 1402 814; x_wconf 78' lang='lat' dir='ltr'>salaciam</span> <span class='ocrx_word' id='word_1_36' title='bbox 1425 789 1509 815; x_wconf 92' lang='lat' dir='ltr'>non</span> <span class='ocrx_word' id='word_1_37' title='bbox 1532 785 1700 828; x_wconf 89' lang='lat' dir='ltr'>possunt</span> <span class='ocrx_word' id='word_1_38' title='bbox 1719 779 1920 818; x_wconf 86' lang='lat' dir='ltr'>moderari</span> <span class='ocrx_word' id='word_1_39' title='bbox 1943 779 2170 829; x_wconf 86' lang='lat' dir='ltr'>libidinem,</span> <span class='ocrx_word' id='word_1_40' title='bbox 2194 791 2291 820; x_wconf 89' lang='lat' dir='ltr'>con-</span> 
     </span>
     <span class='ocr_line' id='line_1_7' title="bbox 642 836 2256 898; baseline 0.006 -25"><span class='ocrx_word' id='word_1_41' title='bbox 642 842 822 874; x_wconf 88' lang='lat' dir='ltr'>servetur</span> <span class='ocrx_word' id='word_1_42' title='bbox 841 849 914 887; x_wconf 91' lang='lat' dir='ltr'>per</span> <span class='ocrx_word' id='word_1_43' title='bbox 932 836 1231 876; x_wconf 84' lang='lat' dir='ltr'>addicationem</span> <span class='ocrx_word' id='word_1_44' title='bbox 1251 838 1408 890; x_wconf 89' lang='lat' dir='ltr'>pellicis</span> <span class='ocrx_word' id='word_1_45' title='bbox 1431 839 1490 894; x_wconf 86' lang='lat' dir='ltr'>(n.</span> <span class='ocrx_word' id='word_1_46' title='bbox 1509 840 1622 889; x_wconf 85' lang='lat'>1806,</span> <span class='ocrx_word' id='word_1_47' title='bbox 1640 840 1737 891; x_wconf 91' lang='lat'>1807</span> <span class='ocrx_word' id='word_1_48' title='bbox 1761 847 1832 889; x_wconf 81' lang='lat' dir='ltr'>[De</span> <span class='ocrx_word' id='word_1_49' title='bbox 1847 849 1931 880; x_wconf 84' lang='lat' dir='ltr'>Am.</span> <span class='ocrx_word' id='word_1_50' title='bbox 1953 849 2068 889; x_wconf 67' lang='lat' dir='ltr'>conj„</span> <span class='ocrx_word' id='word_1_51' title='bbox 2082 859 2119 882; x_wconf 86' lang='lat' dir='ltr'>n.</span> <span class='ocrx_word' id='word_1_52' title='bbox 2136 843 2256 898; x_wconf 82' lang='lat'><strong>459]);</strong></span> 
     </span>
    </p>

    <p class='ocr_par' dir='ltr' id='par_1_5' title="bbox 560 898 2287 1023">
     <span class='ocr_line' id='line_1_8' title="bbox 560 898 2287 962; baseline 0.006 -25"><span class='ocrx_word' id='word_1_53' title='bbox 560 898 691 938; x_wconf 91' lang='lat' dir='ltr'>Modo</span> <span class='ocrx_word' id='word_1_54' title='bbox 710 899 920 951; x_wconf 88' lang='lat' dir='ltr'>pellicatus</span> <span class='ocrx_word' id='word_1_55' title='bbox 940 913 1024 939; x_wconf 92' lang='lat' dir='ltr'>non</span> <span class='ocrx_word' id='word_1_56' title='bbox 1044 900 1112 939; x_wconf 85' lang='lat' dir='ltr'>fiat</span> <span class='ocrx_word' id='word_1_57' title='bbox 1132 913 1225 940; x_wconf 86' lang='lat' dir='ltr'>cum</span> <span class='ocrx_word' id='word_1_58' title='bbox 1246 902 1401 954; x_wconf 68' lang='lat' dir='ltr'>virgine</span> <span class='ocrx_word' id='word_1_59' title='bbox 1421 915 1492 942; x_wconf 90' lang='lat' dir='ltr'>seu</span> <span class='ocrx_word' id='word_1_60' title='bbox 1512 904 1679 952; x_wconf 85' lang='lat' dir='ltr'>illibata,</span> <span class='ocrx_word' id='word_1_61' title='bbox 1702 917 1778 944; x_wconf 89' lang='lat' dir='ltr'>nec</span> <span class='ocrx_word' id='word_1_62' title='bbox 1801 917 1893 944; x_wconf 89' lang='lat' dir='ltr'>cum</span> <span class='ocrx_word' id='word_1_63' title='bbox 1912 906 2111 956; x_wconf 67' lang='lat' dir='ltr'>maritata,</span> <span class='ocrx_word' id='word_1_64' title='bbox 2125 913 2164 947; x_wconf 88' lang='lat' dir='ltr'>et</span> <span class='ocrx_word' id='word_1_65' title='bbox 2189 906 2287 962; x_wconf 89' lang='lat' dir='ltr'>[sit]</span> 
     </span>
     <span class='ocr_line' id='line_1_9' title="bbox 641 962 2021 1023; baseline 0.006 -22"><span class='ocrx_word' id='word_1_66' title='bbox 641 962 793 1015; x_wconf 87' lang='lat' dir='ltr'>absque</span> <span class='ocrx_word' id='word_1_67' title='bbox 814 976 951 1003; x_wconf 87' lang='lat' dir='ltr'>amore</span> <span class='ocrx_word' id='word_1_68' title='bbox 973 964 1191 1016; x_wconf 86' lang='lat' dir='ltr'>conjugiali</span> <span class='ocrx_word' id='word_1_69' title='bbox 1216 966 1274 1019; x_wconf 91' lang='lat' dir='ltr'>(n.</span> <span class='ocrx_word' id='word_1_70' title='bbox 1293 965 1515 1006; x_wconf 81' lang='lat'>1808-1810</span> <span class='ocrx_word' id='word_1_71' title='bbox 1534 973 1606 1016; x_wconf 75' lang='lat' dir='ltr'>[De</span> <span class='ocrx_word' id='word_1_72' title='bbox 1619 975 1703 1006; x_wconf 84' lang='lat' dir='ltr'>Am.</span> <span class='ocrx_word' id='word_1_73' title='bbox 1725 975 1839 1015; x_wconf 61' lang='lat' dir='ltr'>conj„</span> <span class='ocrx_word' id='word_1_74' title='bbox 1857 985 1891 1008; x_wconf 78' lang='lat' dir='ltr'>n.</span> <span class='ocrx_word' id='word_1_75' title='bbox 1910 968 2021 1023; x_wconf 85' lang='lat'><strong>460]).</strong></span> 
     </span>
    </p>
   </div>
   <div class='ocr_carea' id='block_1_5' title="bbox 427 1085 1430 1146">
    <p class='ocr_par' dir='ltr' id='par_1_6' title="bbox 427 1058 1433 1146">
     <span class='ocr_line' id='line_1_10' title="bbox 427 1085 1430 1146; baseline 0.004 -19"><span class='ocrx_word' id='word_1_76' title='bbox 427 1085 805 1143; x_wconf 70' lang='grc' dir='ltr'>[ΡαθηῘΐεηΐῘα.-(</span> <span class='ocrx_word' id='word_1_77' title='bbox 821 1088 1020 1128; x_wconf 77' lang='lat' dir='ltr'>Videatur</span> <span class='ocrx_word' id='word_1_78' title='bbox 1042 1089 1196 1130; x_wconf 66' lang='lat' dir='ltr'><em>INDEX</em></span> <span class='ocrx_word' id='word_1_79' title='bbox 1215 1103 1363 1131; x_wconf 73' lang='lat' dir='ltr'><em>ALTER</em></span> <span class='ocrx_word' id='word_1_80' title='bbox 1375 1090 1430 1146; x_wconf 91' lang='lat'>.)]</span> 
     </span>
    </p>
   </div>
   <div class='ocr_carea' id='block_1_6' title="bbox 426 1210 1377 1271">
    <p class='ocr_par' dir='ltr' id='par_1_7' title="bbox 426 1210 1377 1271">
     <span class='ocr_line' id='line_1_11' title="bbox 426 1210 1377 1271; baseline 0.003 -19"><span class='ocrx_word' id='word_1_81' title='bbox 426 1210 760 1268; x_wconf 67' lang='lat' dir='ltr'>[Perceth&#39;o.——(</span> <span class='ocrx_word' id='word_1_82' title='bbox 775 1214 975 1254; x_wconf 83' lang='lat' dir='ltr'>Vz&#39;dealur</span> <span class='ocrx_word' id='word_1_83' title='bbox 993 1215 1149 1254; x_wconf 63' lang='lat' dir='ltr'><em>INDEX</em></span> <span class='ocrx_word' id='word_1_84' title='bbox 1167 1229 1225 1255; x_wconf 82' lang='lat' dir='ltr'>AL</span> <span class='ocrx_word' id='word_1_85' title='bbox 1235 1215 1377 1271; x_wconf 80' lang='lat' dir='ltr'><em>TER.)]</em></span> 
     </span>
    </p>
   </div>
   <div class='ocr_carea' id='block_1_7' title="bbox 422 1337 1982 1400">
    <p class='ocr_par' dir='ltr' id='par_1_8' title="bbox 422 1337 1982 1400">
     <span class='ocr_line' id='line_1_12' title="bbox 422 1337 1982 1400; baseline 0.003 -22"><span class='ocrx_word' id='word_1_86' title='bbox 422 1337 808 1394; x_wconf 61' lang='lat' dir='ltr'>polygamia—De</span> <span class='ocrx_word' id='word_1_87' title='bbox 829 1340 1068 1393; x_wconf 87' lang='lat' dir='ltr'>Polygamia</span> <span class='ocrx_word' id='word_1_88' title='bbox 1090 1341 1149 1397; x_wconf 89' lang='lat' dir='ltr'>(n.</span> <span class='ocrx_word' id='word_1_89' title='bbox 1172 1342 1386 1394; x_wconf 86' lang='lat'>1019-1108</span> <span class='ocrx_word' id='word_1_90' title='bbox 1407 1348 1479 1392; x_wconf 84' lang='lat' dir='ltr'>[De</span> <span class='ocrx_word' id='word_1_91' title='bbox 1493 1350 1577 1382; x_wconf 86' lang='lat' dir='ltr'>Am.</span> <span class='ocrx_word' id='word_1_92' title='bbox 1596 1349 1711 1390; x_wconf 62' lang='lat' dir='ltr'>conj„</span> <span class='ocrx_word' id='word_1_93' title='bbox 1727 1360 1762 1383; x_wconf 86' lang='lat' dir='ltr'>n.</span> <span class='ocrx_word' id='word_1_94' title='bbox 1782 1344 1982 1400; x_wconf 85' lang='lat'><strong>332-352])·</strong></span> 
     </span>
    </p>
   </div>
   <div class='ocr_carea' id='block_1_8' title="bbox 560 1436 2290 1621">
    <p class='ocr_par' dir='ltr' id='par_1_9' title="bbox 560 1436 2290 1621">
     <span class='ocr_line' id='line_1_13' title="bbox 560 1436 2290 1495; baseline 0.005 -21"><span class='ocrx_word' id='word_1_95' title='bbox 560 1436 684 1488; x_wconf 87' lang='lat' dir='ltr'>Quod</span> <span class='ocrx_word' id='word_1_96' title='bbox 707 1436 785 1476; x_wconf 93' lang='lat' dir='ltr'>nisi</span> <span class='ocrx_word' id='word_1_97' title='bbox 815 1449 910 1476; x_wconf 90' lang='lat' dir='ltr'>cum</span> <span class='ocrx_word' id='word_1_98' title='bbox 931 1451 1015 1476; x_wconf 89' lang='lat' dir='ltr'>una</span> <span class='ocrx_word' id='word_1_99' title='bbox 1037 1451 1162 1478; x_wconf 87' lang='lat' dir='ltr'>uxore</span> <span class='ocrx_word' id='word_1_100' title='bbox 1191 1452 1276 1478; x_wconf 91' lang='lat' dir='ltr'>non</span> <span class='ocrx_word' id='word_1_101' title='bbox 1305 1439 1391 1479; x_wconf 89' lang='lat' dir='ltr'>dari</span> <span class='ocrx_word' id='word_1_102' title='bbox 1415 1446 1536 1492; x_wconf 84' lang='lat' dir='ltr'>queat</span> <span class='ocrx_word' id='word_1_103' title='bbox 1558 1453 1671 1479; x_wconf 88' lang='lat' dir='ltr'>arnor</span> <span class='ocrx_word' id='word_1_104' title='bbox 1694 1454 1787 1480; x_wconf 91' lang='lat' dir='ltr'>vere</span> <span class='ocrx_word' id='word_1_105' title='bbox 1818 1441 2072 1494; x_wconf 85' lang='lat' dir='ltr'>conjugialis,</span> <span class='ocrx_word' id='word_1_106' title='bbox 2095 1443 2290 1495; x_wconf 85' lang='lat' dir='ltr'>potentia,</span> 
     </span>
     <span class='ocr_line' id='line_1_14' title="bbox 643 1500 2290 1557; baseline 0.004 -18"><span class='ocrx_word' id='word_1_107' title='bbox 643 1500 832 1549; x_wconf 89' lang='lat' dir='ltr'>amicitia,</span> <span class='ocrx_word' id='word_1_108' title='bbox 858 1501 1116 1551; x_wconf 88' lang='lat' dir='ltr'>confidentia,</span> <span class='ocrx_word' id='word_1_109' title='bbox 1142 1508 1181 1542; x_wconf 91' lang='lat' dir='ltr'>et</span> <span class='ocrx_word' id='word_1_110' title='bbox 1208 1503 1300 1543; x_wconf 85' lang='lat' dir='ltr'>talis</span> <span class='ocrx_word' id='word_1_111' title='bbox 1327 1503 1526 1543; x_wconf 86' lang='lat' dir='ltr'>mentium</span> <span class='ocrx_word' id='word_1_112' title='bbox 1555 1503 1788 1557; x_wconf 69' lang='lat' dir='ltr'>conjunctio</span> <span class='ocrx_word' id='word_1_113' title='bbox 1811 1511 1856 1545; x_wconf 92' lang='lat' dir='ltr'>ut</span> <span class='ocrx_word' id='word_1_114' title='bbox 1885 1505 1968 1544; x_wconf 93' lang='lat' dir='ltr'>duo</span> <span class='ocrx_word' id='word_1_115' title='bbox 1990 1505 2070 1546; x_wconf 87' lang='lat' dir='ltr'>sint</span> <span class='ocrx_word' id='word_1_116' title='bbox 2091 1518 2174 1545; x_wconf 90' lang='lat' dir='ltr'>una</span> <span class='ocrx_word' id='word_1_117' title='bbox 2197 1517 2290 1546; x_wconf 84' lang='lat' dir='ltr'>caro</span> 
     </span>
     <span class='ocr_line' id='line_1_15' title="bbox 647 1563 1544 1621; baseline 0.004 -19"><span class='ocrx_word' id='word_1_118' title='bbox 647 1563 707 1619; x_wconf 88' lang='lat' dir='ltr'>(n.</span> <span class='ocrx_word' id='word_1_119' title='bbox 724 1574 945 1615; x_wconf 87' lang='lat'>1021-1029</span> <span class='ocrx_word' id='word_1_120' title='bbox 967 1570 1040 1613; x_wconf 82' lang='lat' dir='ltr'>[De</span> <span class='ocrx_word' id='word_1_121' title='bbox 1053 1573 1137 1604; x_wconf 86' lang='lat' dir='ltr'>Am.</span> <span class='ocrx_word' id='word_1_122' title='bbox 1159 1572 1274 1612; x_wconf 68' lang='lat' dir='ltr'><em>Conj„</em></span> <span class='ocrx_word' id='word_1_123' title='bbox 1290 1582 1325 1605; x_wconf 90' lang='lat' dir='ltr'>n.</span> <span class='ocrx_word' id='word_1_124' title='bbox 1344 1583 1418 1613; x_wconf 86' lang='lat'>333,</span> <span class='ocrx_word' id='word_1_125' title='bbox 1435 1565 1544 1621; x_wconf 86' lang='lat'>334]).</span> 
     </span>
    </p>
   </div>
   <div class='ocr_carea' id='block_1_9' title="bbox 563 1659 2290 1845">
    <p class='ocr_par' dir='ltr' id='par_1_10' title="bbox 563 1659 2290 1845">
     <span class='ocr_line' id='line_1_16' title="bbox 563 1659 2290 1714; baseline 0.005 -17"><span class='ocrx_word' id='word_1_126' title='bbox 563 1659 686 1712; x_wconf 87' lang='lat' dir='ltr'>Quod</span> <span class='ocrx_word' id='word_1_127' title='bbox 707 1659 784 1698; x_wconf 90' lang='lat' dir='ltr'>nisi</span> <span class='ocrx_word' id='word_1_128' title='bbox 805 1671 899 1699; x_wconf 91' lang='lat' dir='ltr'>cum</span> <span class='ocrx_word' id='word_1_129' title='bbox 917 1672 1000 1699; x_wconf 89' lang='lat' dir='ltr'>una</span> <span class='ocrx_word' id='word_1_130' title='bbox 1019 1673 1145 1700; x_wconf 87' lang='lat' dir='ltr'>uxore</span> <span class='ocrx_word' id='word_1_131' title='bbox 1165 1674 1250 1700; x_wconf 92' lang='lat' dir='ltr'>non</span> <span class='ocrx_word' id='word_1_132' title='bbox 1273 1661 1361 1701; x_wconf 87' lang='lat' dir='ltr'>dari</span> <span class='ocrx_word' id='word_1_133' title='bbox 1381 1668 1530 1714; x_wconf 91' lang='lat' dir='ltr'>queant</span> <span class='ocrx_word' id='word_1_134' title='bbox 1552 1662 1819 1703; x_wconf 89' lang='lat' dir='ltr'>beatitudines</span> <span class='ocrx_word' id='word_1_135' title='bbox 1844 1664 2050 1713; x_wconf 52' lang='lat' dir='ltr'>caelestes,</span> <span class='ocrx_word' id='word_1_136' title='bbox 2070 1663 2290 1705; x_wconf 85' lang='lat' dir='ltr'>faustitates</span> 
     </span>
     <span class='ocr_line' id='line_1_17' title="bbox 641 1723 2290 1782; baseline 0.004 -20"><span class='ocrx_word' id='word_1_137' title='bbox 641 1723 879 1775; x_wconf 87' lang='lat' dir='ltr'>spirituales,</span> <span class='ocrx_word' id='word_1_138' title='bbox 897 1730 937 1764; x_wconf 91' lang='lat' dir='ltr'>et</span> <span class='ocrx_word' id='word_1_139' title='bbox 951 1724 1225 1776; x_wconf 88' lang='lat' dir='ltr'>jucunditates</span> <span class='ocrx_word' id='word_1_140' title='bbox 1244 1726 1458 1774; x_wconf 86' lang='lat' dir='ltr'>naturales,</span> <span class='ocrx_word' id='word_1_141' title='bbox 1481 1740 1583 1779; x_wconf 90' lang='lat' dir='ltr'>quae</span> <span class='ocrx_word' id='word_1_142' title='bbox 1604 1727 1655 1766; x_wconf 91' lang='lat' dir='ltr'>ab</span> <span class='ocrx_word' id='word_1_143' title='bbox 1675 1727 1789 1767; x_wconf 91' lang='lat' dir='ltr'>initio</span> <span class='ocrx_word' id='word_1_144' title='bbox 1807 1728 1993 1779; x_wconf 88' lang='lat' dir='ltr'>provisae</span> <span class='ocrx_word' id='word_1_145' title='bbox 2009 1734 2102 1769; x_wconf 88' lang='lat' dir='ltr'>sunt</span> <span class='ocrx_word' id='word_1_146' title='bbox 2120 1728 2200 1769; x_wconf 88' lang='lat' dir='ltr'>illis</span> <span class='ocrx_word' id='word_1_147' title='bbox 2219 1728 2290 1782; x_wconf 92' lang='lat' dir='ltr'>qui</span> 
     </span>
     <span class='ocr_line' id='line_1_18' title="bbox 641 1786 2190 1845; baseline 0.005 -20"><span class='ocrx_word' id='word_1_148' title='bbox 641 1786 685 1825; x_wconf 92' lang='lat' dir='ltr'>in</span> <span class='ocrx_word' id='word_1_149' title='bbox 705 1800 841 1826; x_wconf 87' lang='lat' dir='ltr'>amore</span> <span class='ocrx_word' id='word_1_150' title='bbox 861 1800 955 1827; x_wconf 90' lang='lat' dir='ltr'>vere</span> <span class='ocrx_word' id='word_1_151' title='bbox 977 1788 1198 1840; x_wconf 89' lang='lat' dir='ltr'>conjugiali</span> <span class='ocrx_word' id='word_1_152' title='bbox 1217 1795 1310 1829; x_wconf 89' lang='lat' dir='ltr'>sunt</span> <span class='ocrx_word' id='word_1_153' title='bbox 1333 1787 1392 1845; x_wconf 90' lang='lat' dir='ltr'>(n.</span> <span class='ocrx_word' id='word_1_154' title='bbox 1411 1789 1685 1842; x_wconf 77' lang='lat'>[111030-1034</span> <span class='ocrx_word' id='word_1_155' title='bbox 1705 1796 1777 1838; x_wconf 81' lang='lat' dir='ltr'>[De</span> <span class='ocrx_word' id='word_1_156' title='bbox 1790 1798 1875 1830; x_wconf 85' lang='lat' dir='ltr'>Am.</span> <span class='ocrx_word' id='word_1_157' title='bbox 1895 1798 2010 1838; x_wconf 64' lang='lat' dir='ltr'>conj„</span> <span class='ocrx_word' id='word_1_158' title='bbox 2025 1808 2061 1830; x_wconf 89' lang='lat' dir='ltr'>n.</span> <span class='ocrx_word' id='word_1_159' title='bbox 2079 1790 2190 1845; x_wconf 85' lang='lat'><strong>335])·</strong></span> 
     </span>
    </p>
   </div>
   <div class='ocr_carea' id='block_1_10' title="bbox 558 1882 2292 2003">
    <p class='ocr_par' dir='ltr' id='par_1_11' title="bbox 558 1882 2292 2003">
     <span class='ocr_line' id='line_1_19' title="bbox 558 1882 2292 1939; baseline 0.003 -18"><span class='ocrx_word' id='word_1_160' title='bbox 558 1882 682 1934; x_wconf 86' lang='lat' dir='ltr'>Quod</span> <span class='ocrx_word' id='word_1_161' title='bbox 711 1896 795 1922; x_wconf 91' lang='lat' dir='ltr'>non</span> <span class='ocrx_word' id='word_1_162' title='bbox 820 1897 934 1923; x_wconf 86' lang='lat' dir='ltr'>amor</span> <span class='ocrx_word' id='word_1_163' title='bbox 955 1897 1050 1923; x_wconf 89' lang='lat' dir='ltr'>vere</span> <span class='ocrx_word' id='word_1_164' title='bbox 1075 1883 1322 1936; x_wconf 87' lang='lat' dir='ltr'>conjugialis</span> <span class='ocrx_word' id='word_1_165' title='bbox 1346 1885 1463 1924; x_wconf 87' lang='lat' dir='ltr'>detur</span> <span class='ocrx_word' id='word_1_166' title='bbox 1485 1885 1562 1924; x_wconf 88' lang='lat' dir='ltr'>nisi</span> <span class='ocrx_word' id='word_1_167' title='bbox 1581 1885 1661 1925; x_wconf 90' lang='lat' dir='ltr'>illis</span> <span class='ocrx_word' id='word_1_168' title='bbox 1685 1886 1754 1939; x_wconf 91' lang='lat' dir='ltr'>qui</span> <span class='ocrx_word' id='word_1_169' title='bbox 1778 1886 1830 1926; x_wconf 92' lang='lat' dir='ltr'>ab</span> <span class='ocrx_word' id='word_1_170' title='bbox 1855 1886 2041 1927; x_wconf 89' lang='lat' dir='ltr'>Ecclesia</span> <span class='ocrx_word' id='word_1_171' title='bbox 2063 1886 2292 1927; x_wconf 81' lang='lat' dir='ltr'>Christiana</span> 
     </span>
     <span class='ocr_line' id='line_1_20' title="bbox 640 1946 1571 2003; baseline 0.003 -17"><span class='ocrx_word' id='word_1_172' title='bbox 640 1953 734 1986; x_wconf 88' lang='lat' dir='ltr'>sunt</span> <span class='ocrx_word' id='word_1_173' title='bbox 759 1946 817 2001; x_wconf 88' lang='lat' dir='ltr'>(n.</span> <span class='ocrx_word' id='word_1_174' title='bbox 836 1947 1066 1997; x_wconf 87' lang='lat'>1042—1046</span> <span class='ocrx_word' id='word_1_175' title='bbox 1087 1953 1160 1996; x_wconf 84' lang='lat' dir='ltr'>[De</span> <span class='ocrx_word' id='word_1_176' title='bbox 1173 1956 1259 1987; x_wconf 87' lang='lat' dir='ltr'>Am.</span> <span class='ocrx_word' id='word_1_177' title='bbox 1277 1955 1394 1995; x_wconf 64' lang='lat' dir='ltr'>Conj„</span> <span class='ocrx_word' id='word_1_178' title='bbox 1407 1966 1443 1988; x_wconf 89' lang='lat' dir='ltr'>n.</span> <span class='ocrx_word' id='word_1_179' title='bbox 1462 1949 1571 2003; x_wconf 85' lang='lat'>337]).</span> 
     </span>
    </p>
   </div>
   <div class='ocr_carea' id='block_1_11' title="bbox 559 2042 2289 2163">
    <p class='ocr_par' dir='ltr' id='par_1_12' title="bbox 559 2042 2289 2163">
     <span class='ocr_line' id='line_1_21' title="bbox 559 2042 2289 2102; baseline 0.003 -22"><span class='ocrx_word' id='word_1_180' title='bbox 559 2042 683 2096; x_wconf 85' lang='lat' dir='ltr'>Quod</span> <span class='ocrx_word' id='word_1_181' title='bbox 701 2042 799 2082; x_wconf 89' lang='lat' dir='ltr'>inde</span> <span class='ocrx_word' id='word_1_182' title='bbox 818 2043 867 2084; x_wconf 85' lang='lat' dir='ltr'>sit</span> <span class='ocrx_word' id='word_1_183' title='bbox 887 2043 998 2097; x_wconf 90' lang='lat' dir='ltr'>quod</span> <span class='ocrx_word' id='word_1_184' title='bbox 1019 2043 1256 2084; x_wconf 88' lang='lat' dir='ltr'>Christianis</span> <span class='ocrx_word' id='word_1_185' title='bbox 1277 2057 1361 2084; x_wconf 91' lang='lat' dir='ltr'>non</span> <span class='ocrx_word' id='word_1_186' title='bbox 1380 2044 1499 2086; x_wconf 84' lang='lat' dir='ltr'>liceat</span> <span class='ocrx_word' id='word_1_187' title='bbox 1519 2044 1599 2085; x_wconf 86' lang='lat' dir='ltr'>nisi</span> <span class='ocrx_word' id='word_1_188' title='bbox 1614 2057 1738 2085; x_wconf 88' lang='lat' dir='ltr'>unam</span> <span class='ocrx_word' id='word_1_189' title='bbox 1753 2058 1922 2086; x_wconf 86' lang='lat' dir='ltr'>uxorem</span> <span class='ocrx_word' id='word_1_190' title='bbox 1941 2045 2090 2086; x_wconf 89' lang='lat' dir='ltr'>ducere</span> <span class='ocrx_word' id='word_1_191' title='bbox 2113 2045 2173 2102; x_wconf 91' lang='lat' dir='ltr'>(n.</span> <span class='ocrx_word' id='word_1_192' title='bbox 2190 2054 2289 2097; x_wconf 88' lang='lat'>1047</span> 
     </span>
     <span class='ocr_line' id='line_1_22' title="bbox 639 2107 1130 2163; baseline 0.002 -17"><span class='ocrx_word' id='word_1_193' title='bbox 639 2114 712 2156; x_wconf 85' lang='lat' dir='ltr'>[De</span> <span class='ocrx_word' id='word_1_194' title='bbox 731 2116 815 2147; x_wconf 87' lang='lat' dir='ltr'>Am.</span> <span class='ocrx_word' id='word_1_195' title='bbox 835 2115 949 2155; x_wconf 84' lang='lat' dir='ltr'><em>Conj.‚</em></span> <span class='ocrx_word' id='word_1_196' title='bbox 965 2125 999 2147; x_wconf 92' lang='lat' dir='ltr'>n.</span> <span class='ocrx_word' id='word_1_197' title='bbox 1019 2107 1130 2163; x_wconf 86' lang='lat'><strong>338]).</strong></span> 
     </span>
    </p>
   </div>
   <div class='ocr_carea' id='block_1_12' title="bbox 560 2204 2290 2325">
    <p class='ocr_par' dir='ltr' id='par_1_13' title="bbox 560 2204 2290 2325">
     <span class='ocr_line' id='line_1_23' title="bbox 560 2204 2290 2258; baseline 0 -14"><span class='ocrx_word' id='word_1_198' title='bbox 560 2205 683 2258; x_wconf 87' lang='lat' dir='ltr'>Quod</span> <span class='ocrx_word' id='word_1_199' title='bbox 714 2205 980 2253; x_wconf 80' lang='lat' dir='ltr'>Christianus,</span> <span class='ocrx_word' id='word_1_200' title='bbox 1001 2205 1033 2244; x_wconf 91' lang='lat' dir='ltr'>si</span> <span class='ocrx_word' id='word_1_201' title='bbox 1055 2205 1191 2258; x_wconf 90' lang='lat' dir='ltr'>plures</span> <span class='ocrx_word' id='word_1_202' title='bbox 1216 2218 1362 2245; x_wconf 83' lang='lat' dir='ltr'>uxores</span> <span class='ocrx_word' id='word_1_203' title='bbox 1387 2205 1563 2253; x_wconf 90' lang='lat' dir='ltr'>duceret,</span> <span class='ocrx_word' id='word_1_204' title='bbox 1587 2218 1671 2244; x_wconf 93' lang='lat' dir='ltr'>non</span> <span class='ocrx_word' id='word_1_205' title='bbox 1694 2205 1819 2245; x_wconf 90' lang='lat' dir='ltr'>modo</span> <span class='ocrx_word' id='word_1_206' title='bbox 1843 2205 2086 2245; x_wconf 86' lang='lat' dir='ltr'>adulterium</span> <span class='ocrx_word' id='word_1_207' title='bbox 2107 2204 2290 2245; x_wconf 85' lang='lat' dir='ltr'>naturale</span> 
     </span>
     <span class='ocr_line' id='line_1_24' title="bbox 639 2267 2198 2325; baseline 0.001 -16"><span class='ocrx_word' id='word_1_208' title='bbox 639 2269 713 2309; x_wconf 88' lang='lat' dir='ltr'>sed</span> <span class='ocrx_word' id='word_1_209' title='bbox 734 2269 854 2309; x_wconf 88' lang='lat' dir='ltr'>etiam</span> <span class='ocrx_word' id='word_1_210' title='bbox 874 2269 1082 2322; x_wconf 87' lang='lat' dir='ltr'>spirituale</span> <span class='ocrx_word' id='word_1_211' title='bbox 1104 2270 1370 2309; x_wconf 87' lang='lat' dir='ltr'>committeret</span> <span class='ocrx_word' id='word_1_212' title='bbox 1393 2269 1451 2324; x_wconf 92' lang='lat' dir='ltr'>(n.</span> <span class='ocrx_word' id='word_1_213' title='bbox 1469 2269 1690 2321; x_wconf 82' lang='lat'>1051—1058</span> <span class='ocrx_word' id='word_1_214' title='bbox 1711 2275 1784 2318; x_wconf 82' lang='lat' dir='ltr'>[De</span> <span class='ocrx_word' id='word_1_215' title='bbox 1794 2276 1879 2308; x_wconf 83' lang='lat' dir='ltr'>Am.</span> <span class='ocrx_word' id='word_1_216' title='bbox 1898 2275 2014 2316; x_wconf 70' lang='lat' dir='ltr'>conj„</span> <span class='ocrx_word' id='word_1_217' title='bbox 2034 2285 2070 2309; x_wconf 90' lang='lat' dir='ltr'>n.</span> <span class='ocrx_word' id='word_1_218' title='bbox 2088 2267 2198 2325; x_wconf 84' lang='lat'><strong>339])·</strong></span> 
     </span>
    </p>
   </div>
   <div class='ocr_carea' id='block_1_13' title="bbox 559 2363 2291 2546">
    <p class='ocr_par' dir='ltr' id='par_1_14' title="bbox 559 2363 2291 2546">
     <span class='ocr_line' id='line_1_25' title="bbox 559 2363 2291 2418; baseline 0 -15"><span class='ocrx_word' id='word_1_219' title='bbox 559 2364 684 2416; x_wconf 89' lang='lat' dir='ltr'>Quod</span> <span class='ocrx_word' id='word_1_220' title='bbox 712 2364 805 2404; x_wconf 89' lang='lat' dir='ltr'>filiis</span> <span class='ocrx_word' id='word_1_221' title='bbox 841 2364 983 2417; x_wconf 89' lang='lat' dir='ltr'>Jacobi</span> <span class='ocrx_word' id='word_1_222' title='bbox 1012 2365 1254 2418; x_wconf 89' lang='lat' dir='ltr'>permissum</span> <span class='ocrx_word' id='word_1_223' title='bbox 1282 2364 1400 2404; x_wconf 84' lang='lat' dir='ltr'>fuerit</span> <span class='ocrx_word' id='word_1_224' title='bbox 1428 2365 1562 2417; x_wconf 89' lang='lat' dir='ltr'>plures</span> <span class='ocrx_word' id='word_1_225' title='bbox 1586 2377 1732 2404; x_wconf 87' lang='lat' dir='ltr'>uxores</span> <span class='ocrx_word' id='word_1_226' title='bbox 1762 2364 1924 2414; x_wconf 90' lang='lat' dir='ltr'>ducere,</span> <span class='ocrx_word' id='word_1_227' title='bbox 1949 2363 2045 2417; x_wconf 91' lang='lat' dir='ltr'>quia</span> <span class='ocrx_word' id='word_1_228' title='bbox 2067 2364 2177 2416; x_wconf 90' lang='lat' dir='ltr'>apud</span> <span class='ocrx_word' id='word_1_229' title='bbox 2198 2363 2291 2404; x_wconf 79' lang='lat' dir='ltr'>illos</span> 
     </span>
     <span class='ocr_line' id='line_1_26' title="bbox 641 2427 2291 2481; baseline 0.001 -15"><span class='ocrx_word' id='word_1_230' title='bbox 641 2441 725 2467; x_wconf 90' lang='lat' dir='ltr'>non</span> <span class='ocrx_word' id='word_1_231' title='bbox 748 2427 822 2468; x_wconf 86' lang='lat' dir='ltr'>fuit</span> <span class='ocrx_word' id='word_1_232' title='bbox 848 2428 1035 2467; x_wconf 86' lang='lat' dir='ltr'>Ecclesia</span> <span class='ocrx_word' id='word_1_233' title='bbox 1065 2428 1307 2476; x_wconf 88' lang='lat' dir='ltr'>Christiana,</span> <span class='ocrx_word' id='word_1_234' title='bbox 1333 2435 1372 2468; x_wconf 91' lang='lat' dir='ltr'>et</span> <span class='ocrx_word' id='word_1_235' title='bbox 1400 2427 1496 2467; x_wconf 90' lang='lat' dir='ltr'>inde</span> <span class='ocrx_word' id='word_1_236' title='bbox 1520 2441 1603 2467; x_wconf 92' lang='lat' dir='ltr'>non</span> <span class='ocrx_word' id='word_1_237' title='bbox 1627 2427 1773 2468; x_wconf 89' lang='lat' dir='ltr'>dabilis</span> <span class='ocrx_word' id='word_1_238' title='bbox 1797 2441 1911 2468; x_wconf 88' lang='lat' dir='ltr'>amor</span> <span class='ocrx_word' id='word_1_239' title='bbox 1932 2440 2028 2468; x_wconf 88' lang='lat' dir='ltr'>vere</span> <span class='ocrx_word' id='word_1_240' title='bbox 2052 2427 2291 2481; x_wconf 85' lang='lat' dir='ltr'>conjugialis</span> 
     </span>
     <span class='ocr_line' id='line_1_27' title="bbox 645 2490 1463 2546; baseline 0.001 -16"><span class='ocrx_word' id='word_1_241' title='bbox 645 2490 705 2546; x_wconf 88' lang='lat' dir='ltr'>(n.</span> <span class='ocrx_word' id='word_1_242' title='bbox 722 2490 953 2543; x_wconf 84' lang='lat'>1059-1064</span> <span class='ocrx_word' id='word_1_243' title='bbox 973 2497 1045 2540; x_wconf 83' lang='lat' dir='ltr'>[De</span> <span class='ocrx_word' id='word_1_244' title='bbox 1058 2499 1144 2530; x_wconf 86' lang='lat' dir='ltr'>Am.</span> <span class='ocrx_word' id='word_1_245' title='bbox 1166 2498 1282 2538; x_wconf 64' lang='lat' dir='ltr'><em>Cous„</em></span> <span class='ocrx_word' id='word_1_246' title='bbox 1298 2508 1333 2530; x_wconf 90' lang='lat' dir='ltr'>n.</span> <span class='ocrx_word' id='word_1_247' title='bbox 1353 2490 1463 2546; x_wconf 79' lang='lat' dir='ltr'>34oj).</span> 
     </span>
    </p>
   </div>
   <div class='ocr_carea' id='block_1_14' title="bbox 558 2586 2288 2707">
    <p class='ocr_par' dir='ltr' id='par_1_15' title="bbox 558 2586 2288 2707">
     <span class='ocr_line' id='line_1_28' title="bbox 558 2586 2288 2644; baseline 0 -18"><span class='ocrx_word' id='word_1_248' title='bbox 558 2587 641 2627; x_wconf 92' lang='lat' dir='ltr'>Cur</span> <span class='ocrx_word' id='word_1_249' title='bbox 671 2586 987 2627; x_wconf 88' lang='lat' dir='ltr'>Mahumedanis</span> <span class='ocrx_word' id='word_1_250' title='bbox 1015 2587 1211 2640; x_wconf 79' lang='lat' dir='ltr'>permissa</span> <span class='ocrx_word' id='word_1_251' title='bbox 1238 2594 1299 2628; x_wconf 89' lang='lat' dir='ltr'>est</span> <span class='ocrx_word' id='word_1_252' title='bbox 1326 2587 1560 2640; x_wconf 88' lang='lat' dir='ltr'>polygamia</span> <span class='ocrx_word' id='word_1_253' title='bbox 1585 2586 1644 2644; x_wconf 89' lang='lat' dir='ltr'>(n.</span> <span class='ocrx_word' id='word_1_254' title='bbox 1667 2586 1898 2640; x_wconf 84' lang='lat'>1059—1064</span> <span class='ocrx_word' id='word_1_255' title='bbox 1922 2592 1995 2636; x_wconf 78' lang='lat' dir='ltr'>[De</span> <span class='ocrx_word' id='word_1_256' title='bbox 2010 2594 2099 2627; x_wconf 86' lang='lat' dir='ltr'>Am.</span> <span class='ocrx_word' id='word_1_257' title='bbox 2120 2593 2236 2634; x_wconf 73' lang='lat' dir='ltr'>Com„</span> <span class='ocrx_word' id='word_1_258' title='bbox 2251 2602 2288 2626; x_wconf 78' lang='lat' dir='ltr'>n.</span> 
     </span>
     <span class='ocr_line' id='line_1_29' title="bbox 641 2649 752 2707; baseline 0.009 -9"><span class='ocrx_word' id='word_1_259' title='bbox 641 2649 752 2707; x_wconf 82' lang='lat'>341])·</span> 
     </span>
    </p>
   </div>
   <div class='ocr_carea' id='block_1_15' title="bbox 559 2746 2290 2866">
    <p class='ocr_par' dir='ltr' id='par_1_16' title="bbox 559 2746 2290 2866">
     <span class='ocr_line' id='line_1_30' title="bbox 559 2746 2290 2800; baseline 0 -14"><span class='ocrx_word' id='word_1_260' title='bbox 559 2747 625 2787; x_wconf 91' lang='lat' dir='ltr'>De</span> <span class='ocrx_word' id='word_1_261' title='bbox 646 2747 767 2786; x_wconf 88' lang='lat' dir='ltr'>caelis</span> <span class='ocrx_word' id='word_1_262' title='bbox 784 2747 1197 2795; x_wconf 87' lang='lat' dir='ltr'>Mahumedanorum,</span> <span class='ocrx_word' id='word_1_263' title='bbox 1214 2754 1254 2788; x_wconf 92' lang='lat' dir='ltr'>et</span> <span class='ocrx_word' id='word_1_264' title='bbox 1273 2747 1385 2800; x_wconf 93' lang='lat' dir='ltr'>quod</span> <span class='ocrx_word' id='word_1_265' title='bbox 1404 2747 1446 2786; x_wconf 90' lang='lat' dir='ltr'>in</span> <span class='ocrx_word' id='word_1_266' title='bbox 1462 2747 1632 2787; x_wconf 82' lang='lat' dir='ltr'>alterum</span> <span class='ocrx_word' id='word_1_267' title='bbox 1649 2747 1814 2787; x_wconf 86' lang='lat' dir='ltr'>veniant</span> <span class='ocrx_word' id='word_1_268' title='bbox 1833 2747 1902 2800; x_wconf 93' lang='lat' dir='ltr'>qui</span> <span class='ocrx_word' id='word_1_269' title='bbox 1918 2746 2110 2787; x_wconf 87' lang='lat' dir='ltr'>abdicant</span> <span class='ocrx_word' id='word_1_270' title='bbox 2123 2746 2290 2800; x_wconf 87' lang='lat' dir='ltr'>pellices</span> 
     </span>
     <span class='ocr_line' id='line_1_31' title="bbox 647 2810 1549 2866; baseline 0.001 -16"><span class='ocrx_word' id='word_1_271' title='bbox 647 2810 706 2866; x_wconf 86' lang='lat' dir='ltr'>(n.</span> <span class='ocrx_word' id='word_1_272' title='bbox 724 2810 951 2862; x_wconf 83' lang='lat'>1065-1077</span> <span class='ocrx_word' id='word_1_273' title='bbox 973 2817 1046 2859; x_wconf 84' lang='lat' dir='ltr'>[De</span> <span class='ocrx_word' id='word_1_274' title='bbox 1056 2819 1142 2851; x_wconf 83' lang='lat' dir='ltr'>Am.</span> <span class='ocrx_word' id='word_1_275' title='bbox 1162 2817 1279 2858; x_wconf 55' lang='lat' dir='ltr'>Confi,</span> <span class='ocrx_word' id='word_1_276' title='bbox 1294 2828 1330 2850; x_wconf 87' lang='lat' dir='ltr'>n.</span> <span class='ocrx_word' id='word_1_277' title='bbox 1349 2828 1422 2858; x_wconf 87' lang='lat'>342,</span> <span class='ocrx_word' id='word_1_278' title='bbox 1438 2810 1549 2866; x_wconf 87' lang='lat'><strong>343]).</strong></span> 
     </span>
    </p>
   </div>
   <div class='ocr_carea' id='block_1_16' title="bbox 559 2905 2027 2961">
    <p class='ocr_par' dir='ltr' id='par_1_17' title="bbox 559 2905 2027 2961">
     <span class='ocr_line' id='line_1_32' title="bbox 559 2905 2027 2961; baseline 0.001 -16"><span class='ocrx_word' id='word_1_279' title='bbox 559 2906 684 2959; x_wconf 78' lang='lat' dir='ltr'>Quod</span> <span class='ocrx_word' id='word_1_280' title='bbox 703 2906 937 2959; x_wconf 86' lang='lat' dir='ltr'>polygamia</span> <span class='ocrx_word' id='word_1_281' title='bbox 955 2907 1007 2946; x_wconf 85' lang='lat' dir='ltr'>sit</span> <span class='ocrx_word' id='word_1_282' title='bbox 1025 2906 1193 2946; x_wconf 88' lang='lat' dir='ltr'>lascivia</span> <span class='ocrx_word' id='word_1_283' title='bbox 1214 2910 1274 2961; x_wconf 89' lang='lat' dir='ltr'>(n.</span> <span class='ocrx_word' id='word_1_284' title='bbox 1289 2905 1518 2957; x_wconf 87' lang='lat'>1078-1082</span> <span class='ocrx_word' id='word_1_285' title='bbox 1540 2911 1612 2954; x_wconf 82' lang='lat' dir='ltr'>[De</span> <span class='ocrx_word' id='word_1_286' title='bbox 1627 2913 1711 2945; x_wconf 85' lang='lat' dir='ltr'>Am.</span> <span class='ocrx_word' id='word_1_287' title='bbox 1734 2913 1849 2952; x_wconf 69' lang='lat' dir='ltr'><em>Conj„</em></span> <span class='ocrx_word' id='word_1_288' title='bbox 1863 2923 1897 2945; x_wconf 89' lang='lat' dir='ltr'>n.</span> <span class='ocrx_word' id='word_1_289' title='bbox 1917 2906 2027 2961; x_wconf 86' lang='lat'><strong>345])·</strong></span> 
     </span>
    </p>
   </div>
   <div class='ocr_carea' id='block_1_17' title="bbox 560 3002 2289 3122">
    <p class='ocr_par' dir='ltr' id='par_1_18' title="bbox 560 3002 2289 3122">
     <span class='ocr_line' id='line_1_33' title="bbox 560 3002 2289 3056; baseline 0.001 -14"><span class='ocrx_word' id='word_1_290' title='bbox 560 3003 685 3056; x_wconf 88' lang='lat' dir='ltr'>Quod</span> <span class='ocrx_word' id='word_1_291' title='bbox 707 3003 815 3055; x_wconf 91' lang='lat' dir='ltr'>apud</span> <span class='ocrx_word' id='word_1_292' title='bbox 836 3003 1073 3055; x_wconf 87' lang='lat' dir='ltr'>polygamos</span> <span class='ocrx_word' id='word_1_293' title='bbox 1095 3016 1181 3042; x_wconf 92' lang='lat' dir='ltr'>non</span> <span class='ocrx_word' id='word_1_294' title='bbox 1202 3002 1348 3043; x_wconf 90' lang='lat' dir='ltr'>dabilis</span> <span class='ocrx_word' id='word_1_295' title='bbox 1371 3002 1421 3042; x_wconf 89' lang='lat' dir='ltr'>sit</span> <span class='ocrx_word' id='word_1_296' title='bbox 1443 3003 1683 3055; x_wconf 89' lang='lat' dir='ltr'>conjugialis</span> <span class='ocrx_word' id='word_1_297' title='bbox 1705 3003 1878 3052; x_wconf 86' lang='lat' dir='ltr'>castitas,</span> <span class='ocrx_word' id='word_1_298' title='bbox 1898 3003 2062 3056; x_wconf 76' lang='lat' dir='ltr'>puritas,</span> <span class='ocrx_word' id='word_1_299' title='bbox 2083 3009 2122 3043; x_wconf 89' lang='lat' dir='ltr'>et</span> <span class='ocrx_word' id='word_1_300' title='bbox 2140 3002 2289 3044; x_wconf 68' lang='lat' dir='ltr'>sandu-</span> 
     </span>
     <span class='ocr_line' id='line_1_34' title="bbox 637 3065 1635 3122; baseline 0 -16"><span class='ocrx_word' id='word_1_301' title='bbox 637 3074 698 3106; x_wconf 74' lang='lat' dir='ltr'>tas</span> <span class='ocrx_word' id='word_1_302' title='bbox 722 3066 780 3122; x_wconf 90' lang='lat' dir='ltr'>(n.</span> <span class='ocrx_word' id='word_1_303' title='bbox 803 3065 1033 3118; x_wconf 87' lang='lat'>1083-1086</span> <span class='ocrx_word' id='word_1_304' title='bbox 1053 3072 1127 3114; x_wconf 85' lang='lat' dir='ltr'>[De</span> <span class='ocrx_word' id='word_1_305' title='bbox 1140 3074 1226 3106; x_wconf 86' lang='lat' dir='ltr'>Am.</span> <span class='ocrx_word' id='word_1_306' title='bbox 1247 3073 1362 3113; x_wconf 67' lang='lat' dir='ltr'>conj„</span> <span class='ocrx_word' id='word_1_307' title='bbox 1381 3083 1416 3105; x_wconf 91' lang='lat' dir='ltr'>n.</span> <span class='ocrx_word' id='word_1_308' title='bbox 1436 3083 1507 3112; x_wconf 83' lang='lat'>141,</span> <span class='ocrx_word' id='word_1_309' title='bbox 1525 3066 1635 3120; x_wconf 84' lang='lat'>346]).</span> 
     </span>
    </p>
   </div>
   <div class='ocr_carea' id='block_1_18' title="bbox 562 3161 2289 3280">
    <p class='ocr_par' dir='ltr' id='par_1_19' title="bbox 562 3161 2289 3280">
     <span class='ocr_line' id='line_1_35' title="bbox 562 3161 2289 3217; baseline 0.001 -15"><span class='ocrx_word' id='word_1_310' title='bbox 562 3163 686 3216; x_wconf 86' lang='lat' dir='ltr'>Quod</span> <span class='ocrx_word' id='word_1_311' title='bbox 718 3162 951 3215; x_wconf 88' lang='lat' dir='ltr'>polygamia</span> <span class='ocrx_word' id='word_1_312' title='bbox 983 3175 1068 3202; x_wconf 91' lang='lat' dir='ltr'>non</span> <span class='ocrx_word' id='word_1_313' title='bbox 1103 3163 1154 3203; x_wconf 91' lang='lat' dir='ltr'>sit</span> <span class='ocrx_word' id='word_1_314' title='bbox 1192 3167 1406 3215; x_wconf 84' lang='lat' dir='ltr'>peccatum</span> <span class='ocrx_word' id='word_1_315' title='bbox 1439 3162 1550 3215; x_wconf 91' lang='lat' dir='ltr'>apud</span> <span class='ocrx_word' id='word_1_316' title='bbox 1585 3175 1687 3215; x_wconf 91' lang='lat' dir='ltr'>quos</span> <span class='ocrx_word' id='word_1_317' title='bbox 1721 3161 1883 3202; x_wconf 78' lang='lat' dir='ltr'>illa·est</span> <span class='ocrx_word' id='word_1_318' title='bbox 1916 3175 1967 3202; x_wconf 90' lang='lat' dir='ltr'>ex</span> <span class='ocrx_word' id='word_1_319' title='bbox 1995 3162 2191 3215; x_wconf 87' lang='lat' dir='ltr'>religione</span> <span class='ocrx_word' id='word_1_320' title='bbox 2228 3163 2289 3217; x_wconf 88' lang='lat' dir='ltr'>(n.</span> 
     </span>
     <span class='ocr_line' id='line_1_36' title="bbox 643 3226 1381 3280; baseline 0.001 -15"><span class='ocrx_word' id='word_1_321' title='bbox 643 3237 874 3277; x_wconf 89' lang='lat'>1090-1094</span> <span class='ocrx_word' id='word_1_322' title='bbox 894 3232 966 3274; x_wconf 81' lang='lat' dir='ltr'>[De</span> <span class='ocrx_word' id='word_1_323' title='bbox 980 3233 1066 3266; x_wconf 84' lang='lat' dir='ltr'>Am.</span> <span class='ocrx_word' id='word_1_324' title='bbox 1086 3232 1202 3273; x_wconf 86' lang='lat' dir='ltr'><em>Conj.‚</em></span> <span class='ocrx_word' id='word_1_325' title='bbox 1218 3243 1253 3266; x_wconf 90' lang='lat' dir='ltr'>n.</span> <span class='ocrx_word' id='word_1_326' title='bbox 1271 3226 1381 3280; x_wconf 87' lang='lat'><strong>348]).</strong></span> 
     </span>
    </p>
   </div>
   <div class='ocr_carea' id='block_1_19' title="bbox 561 3322 2290 3442">
    <p class='ocr_par' dir='ltr' id='par_1_20' title="bbox 561 3322 2290 3442">
     <span class='ocr_line' id='line_1_37' title="bbox 561 3322 2290 3375; baseline 0 -13"><span class='ocrx_word' id='word_1_327' title='bbox 561 3322 684 3375; x_wconf 88' lang='lat' dir='ltr'>Quod</span> <span class='ocrx_word' id='word_1_328' title='bbox 704 3323 936 3375; x_wconf 86' lang='lat' dir='ltr'>polygamia</span> <span class='ocrx_word' id='word_1_329' title='bbox 954 3335 1038 3362; x_wconf 92' lang='lat' dir='ltr'>non</span> <span class='ocrx_word' id='word_1_330' title='bbox 1058 3323 1109 3363; x_wconf 90' lang='lat' dir='ltr'>sit</span> <span class='ocrx_word' id='word_1_331' title='bbox 1129 3329 1342 3375; x_wconf 88' lang='lat' dir='ltr'>peccatum</span> <span class='ocrx_word' id='word_1_332' title='bbox 1363 3322 1472 3374; x_wconf 90' lang='lat' dir='ltr'>apud</span> <span class='ocrx_word' id='word_1_333' title='bbox 1495 3322 1588 3362; x_wconf 91' lang='lat' dir='ltr'>illos</span> <span class='ocrx_word' id='word_1_334' title='bbox 1609 3323 1677 3375; x_wconf 89' lang='lat' dir='ltr'>qui</span> <span class='ocrx_word' id='word_1_335' title='bbox 1701 3322 1743 3361; x_wconf 91' lang='lat' dir='ltr'>in</span> <span class='ocrx_word' id='word_1_336' title='bbox 1763 3322 1991 3375; x_wconf 86' lang='lat' dir='ltr'>ignorantia</span> <span class='ocrx_word' id='word_1_337' title='bbox 2008 3328 2101 3362; x_wconf 87' lang='lat' dir='ltr'>sunt</span> <span class='ocrx_word' id='word_1_338' title='bbox 2124 3322 2178 3363; x_wconf 87' lang='lat' dir='ltr'>de</span> <span class='ocrx_word' id='word_1_339' title='bbox 2202 3322 2290 3362; x_wconf 93' lang='lat' dir='ltr'>Do·</span> 
     </span>
     <span class='ocr_line' id='line_1_38' title="bbox 640 3385 1681 3442; baseline 0.001 -18"><span class='ocrx_word' id='word_1_340' title='bbox 640 3386 752 3425; x_wconf 89' lang='lat' dir='ltr'>mino</span> <span class='ocrx_word' id='word_1_341' title='bbox 775 3385 833 3442; x_wconf 92' lang='lat' dir='ltr'>(n.</span> <span class='ocrx_word' id='word_1_342' title='bbox 855 3386 1084 3438; x_wconf 83' lang='lat'>1095—1098</span> <span class='ocrx_word' id='word_1_343' title='bbox 1106 3392 1178 3435; x_wconf 78' lang='lat' dir='ltr'>[De</span> <span class='ocrx_word' id='word_1_344' title='bbox 1192 3394 1278 3426; x_wconf 86' lang='lat' dir='ltr'>Am.</span> <span class='ocrx_word' id='word_1_345' title='bbox 1295 3393 1411 3432; x_wconf 68' lang='lat' dir='ltr'><em>Conj„</em></span> <span class='ocrx_word' id='word_1_346' title='bbox 1427 3402 1462 3425; x_wconf 89' lang='lat' dir='ltr'>n.</span> <span class='ocrx_word' id='word_1_347' title='bbox 1481 3403 1554 3433; x_wconf 85' lang='lat'>349,</span> <span class='ocrx_word' id='word_1_348' title='bbox 1571 3386 1681 3439; x_wconf 86' lang='lat'><strong>350])·</strong></span> 
     </span>
    </p>
   </div>
   <div class='ocr_carea' id='block_1_20' title="bbox 566 3480 2289 3601">
    <p class='ocr_par' dir='ltr' id='par_1_21' title="bbox 566 3480 2289 3601">
     <span class='ocr_line' id='line_1_39' title="bbox 566 3480 2289 3535; baseline 0.001 -16"><span class='ocrx_word' id='word_1_349' title='bbox 566 3481 690 3533; x_wconf 91' lang='lat' dir='ltr'>Quod</span> <span class='ocrx_word' id='word_1_350' title='bbox 718 3482 938 3534; x_wconf 86' lang='lat' dir='ltr'>polygami,</span> <span class='ocrx_word' id='word_1_351' title='bbox 960 3481 1202 3535; x_wconf 85' lang='lat' dir='ltr'>[²]quamdiu</span> <span class='ocrx_word' id='word_1_352' title='bbox 1229 3488 1395 3522; x_wconf 88' lang='lat' dir='ltr'>manent</span> <span class='ocrx_word' id='word_1_353' title='bbox 1423 3481 1643 3534; x_wconf 88' lang='lat' dir='ltr'>polygami,</span> <span class='ocrx_word' id='word_1_354' title='bbox 1666 3494 1750 3521; x_wconf 91' lang='lat' dir='ltr'>non</span> <span class='ocrx_word' id='word_1_355' title='bbox 1774 3480 1859 3521; x_wconf 85' lang='lat' dir='ltr'>fien</span> <span class='ocrx_word' id='word_1_356' title='bbox 1886 3480 2042 3535; x_wconf 88' lang='lat' dir='ltr'>possint</span> <span class='ocrx_word' id='word_1_357' title='bbox 2063 3481 2289 3534; x_wconf 87' lang='lat' dir='ltr'>spirituales</span> 
     </span>
     <span class='ocr_line' id='line_1_40' title="bbox 645 3543 1453 3601; baseline 0.001 -17"><span class='ocrx_word' id='word_1_358' title='bbox 645 3543 705 3601; x_wconf 89' lang='lat' dir='ltr'>(n.</span> <span class='ocrx_word' id='word_1_359' title='bbox 722 3544 951 3597; x_wconf 88' lang='lat'>1087—1089</span> <span class='ocrx_word' id='word_1_360' title='bbox 973 3550 1045 3594; x_wconf 83' lang='lat' dir='ltr'>[De</span> <span class='ocrx_word' id='word_1_361' title='bbox 1058 3552 1144 3584; x_wconf 85' lang='lat' dir='ltr'>Am.</span> <span class='ocrx_word' id='word_1_362' title='bbox 1163 3551 1280 3592; x_wconf 70' lang='lat' dir='ltr'>conj„</span> <span class='ocrx_word' id='word_1_363' title='bbox 1295 3562 1331 3585; x_wconf 86' lang='lat' dir='ltr'>n.</span> <span class='ocrx_word' id='word_1_364' title='bbox 1344 3544 1453 3598; x_wconf 84' lang='lat'><strong>347]).</strong></span> 
     </span>
    </p>
   </div>
   <div class='ocr_carea' id='block_1_21' title="bbox 561 3639 2290 3759">
    <p class='ocr_par' dir='ltr' id='par_1_22' title="bbox 561 3639 2290 3759">
     <span class='ocr_line' id='line_1_41' title="bbox 561 3639 2290 3695; baseline 0.001 -16"><span class='ocrx_word' id='word_1_365' title='bbox 561 3640 690 3693; x_wconf 88' lang='lat' dir='ltr'>Quod</span> <span class='ocrx_word' id='word_1_366' title='bbox 724 3641 930 3694; x_wconf 85' lang='lat' dir='ltr'>polygami</span> <span class='ocrx_word' id='word_1_367' title='bbox 958 3641 1164 3681; x_wconf 89' lang='lat' dir='ltr'>salventur</span> <span class='ocrx_word' id='word_1_368' title='bbox 1193 3641 1262 3694; x_wconf 91' lang='lat' dir='ltr'>qui</span> <span class='ocrx_word' id='word_1_369' title='bbox 1291 3641 1433 3681; x_wconf 86' lang='lat' dir='ltr'>vivunt</span> <span class='ocrx_word' id='word_1_370' title='bbox 1461 3641 1687 3681; x_wconf 86' lang='lat' dir='ltr'>secundum</span> <span class='ocrx_word' id='word_1_371' title='bbox 1715 3641 1828 3694; x_wconf 87' lang='lat' dir='ltr'>leges</span> <span class='ocrx_word' id='word_1_372' title='bbox 1853 3640 2029 3694; x_wconf 83' lang='lat' dir='ltr'>justitiae</span> <span class='ocrx_word' id='word_1_373' title='bbox 2059 3639 2196 3681; x_wconf 88' lang='lat' dir='ltr'>civiles</span> <span class='ocrx_word' id='word_1_374' title='bbox 2229 3639 2290 3695; x_wconf 80' lang='lat' dir='ltr'>(n.</span> 
     </span>
     <span class='ocr_line' id='line_1_42' title="bbox 646 3703 1386 3759; baseline -0.001 -16"><span class='ocrx_word' id='word_1_375' title='bbox 646 3715 867 3756; x_wconf 89' lang='lat'>1099-1102</span> <span class='ocrx_word' id='word_1_376' title='bbox 889 3710 962 3753; x_wconf 90' lang='lat' dir='ltr'>[De</span> <span class='ocrx_word' id='word_1_377' title='bbox 975 3711 1061 3744; x_wconf 87' lang='lat' dir='ltr'>Am.</span> <span class='ocrx_word' id='word_1_378' title='bbox 1081 3711 1196 3752; x_wconf 65' lang='lat' dir='ltr'><em>Cous„</em></span> <span class='ocrx_word' id='word_1_379' title='bbox 1212 3721 1247 3745; x_wconf 89' lang='lat' dir='ltr'>n.</span> <span class='ocrx_word' id='word_1_380' title='bbox 1267 3703 1386 3759; x_wconf 84' lang='lat'><strong>351]);</strong></span> 
     </span>
    </p>
   </div>
  </div>
 </body>
</html>
