2496 4250
465 419 534 484 98
995 429 1078 469 DE
1118 427 1292 469 NOVA
1331 428 1786 469 HIEROSOLYMA

1318 846 1476 914 [XII]

608 1043 726 1101 DE
788 1042 1403 1110 PAENITENTIA,
1465 1044 1574 1102 ET
1634 1045 2182 1106 REMISSIONE

1087 1146 1706 1207 PECCATORUM.

460 1460 489 1490 1
576 1476 591 1491 .

492 1459 570 1500 ⁵9
712 1502 796 1554 UI
830 1501 950 1552 vult
978 1501 1197 1563 salvari,
1229 1501 1588 1554 confitebitur
1620 1512 1857 1570 peccata
1889 1523 2004 1567 sua,
2036 1513 2092 1557 et
2122 1508 2315 1573 paeni-

470 1501 698 1791 Q
759 1581 1000 1631 tentiam
1034 1588 1184 1646 aget.

827 1661 993 1711 160.
1046 1659 1316 1726 Confitcrz‘
1347 1668 1588 1725 peccata,
1623 1669 1709 1712 est
1754 1679 2106 1728 cognoscere
2145 1665 2313 1724 mala,

752 1737 940 1787 videre
969 1736 1064 1786 illa
1091 1737 1239 1802 apud
1268 1755 1344 1797 se,
1371 1754 1680 1802 agnoscere
1709 1738 1820 1799 illa,
1844 1757 1901 1790 se
1930 1757 2083 1791 reum
2112 1741 2313 1801 facere,

458 1820 516 1862 et
555 1820 785 1879 propter
824 1813 919 1864 illa
958 1831 1018 1865 se
1058 1814 1359 1866 damnare:
1403 1816 1509 1866 hoc
1551 1833 1676 1866 curn
1717 1816 1777 1867 fit
1819 1834 2008 1868 coram
2050 1819 2191 1880 De0‚
2227 1828 2314 1870 est

458 1890 711 1941 confiteri
744 1899 996 1957 peccata.

556 1973 711 2022 161.
757 1972 1177 2022 Paenitentiam
1213 1990 1392 2038 agere,
1427 1981 1532 2033 est,
1568 1982 1872 2041 postquam
1913 1977 1992 2026 ita
2022 1977 2313 2027 consessus

457 2056 543 2098 est
578 2056 830 2113 peccata,
867 2057 924 2099 et
958 2066 1031 2099 ex
1065 2049 1258 2098 humili
1289 2050 1459 2100 corde
1493 2051 1828 2117 supplicavit
1863 2053 1932 2103 de
1965 2054 2311 2108 remissione.

457 2126 727 2176 desistere
779 2127 851 2177 ab
901 2127 1028 2187 illis,
1070 2135 1127 2177 et
1174 2128 1352 2178 vitam
1404 2145 1609 2179 novam
1655 2130 1963 2180 secundum
2010 2140 2314 2198 praecepta

456 2204 749 2255 charitatis
782 2214 839 2256 et
874 2205 1002 2255 fidei
1033 2222 1218 2271 agere.

554 2285 709 2335 162.
759 2284 868 2350 Qui
901 2285 1084 2334 solum
1124 2286 1523 2336 universaliter
1554 2289 1817 2353 agnoscit
1857 2289 2007 2354 quod
2040 2297 2314 2352 peccator

454 2361 544 2420 sit,
576 2369 632 2410 et
667 2378 725 2411 se
758 2378 910 2411 reum
945 2362 1193 2411 omnium
1227 2361 1502 2412 malorum
1536 2363 1684 2424 facit,
1712 2372 1768 2414 et
1798 2382 1909 2415 non
1938 2365 2202 2431 explorat
2231 2383 2309 2426 se,

454 2438 561 2488 hoc
596 2447 700 2500 est,
736 2440 890 2490 videt
923 2457 1022 2489 sua
1053 2448 1309 2506 peccata,
1345 2441 1389 2490 is
1423 2441 1834 2492 confessionem
1874 2443 2022 2504 facit,
2059 2445 2158 2494 sed
2198 2461 2311 2495 non

454 2517 862 2568 confessionem
904 2519 1319 2584 paenitentiae:
1382 2520 1425 2569 is
1466 2521 1593 2586 quia
1641 2537 1751 2571 non
1799 2523 1956 2572 novit
2004 2540 2103 2573 sua
2142 2523 2308 2583 mala,

453 2596 589 2646 vivit
623 2605 822 2662 postea
851 2598 994 2647 sicut
1023 2598 1189 2662 prius.

552 2677 713 2742 163.
763 2676 872 2741 Qui
916 2677 1094 2726 vitam
1145 2676 1443 2726 charitatis
1494 2685 1551 2727 et
1602 2677 1730 2728 fidei
1779 2679 1935 2738 vivit,
1976 2679 2020 2729 is
2070 2680 2309 2730 cottidie

452 2754 859 2817 paenitentiam
883 2755 1019 2819 agit,
1045 2752 1279 2804 reflectit
1303 2771 1467 2820 super
1489 2754 1637 2804 mala
1665 2772 1805 2821 quae
1828 2755 1973 2820 apud
2003 2772 2079 2813 se,
2101 2771 2309 2819 agnos-

453 2832 528 2881 cit
563 2831 675 2893 illa,
707 2840 871 2883 cavet
906 2833 976 2882 ab
1009 2832 1135 2892 illis,
1168 2832 1449 2898 supplicat
1485 2833 1789 2883 Dominum
1822 2834 1891 2883 de
1925 2851 2047 2899 ope.
2119 2833 2309 2884 Homo

452 2911 600 2960 enim
634 2912 899 2961 continue
928 2928 1002 2961 ex
1036 2928 1095 2961 se
1129 2911 1351 2970 labitur,
1378 2911 1475 2961 sed
1505 2929 1536 2961 a
1570 2912 1814 2962 Domino
1843 2913 2109 2962 continue
2141 2913 2308 2978 erigi-

452 2998 556 3049 tur,
587 2997 643 3039 et
677 2990 896 3040 ducitur
923 2991 993 3039 ad
1028 2991 1269 3052 bonum;
1311 2990 1440 3039 talis
1470 2998 1653 3040 status
1687 2998 1773 3040 est
1807 2990 1915 3040 illis
1945 2992 2035 3056 qui
2068 2992 2123 3040 in
2156 2991 2308 3041 bono

451 3076 598 3118 sunt.
671 3067 778 3132 Qui
807 3076 996 3118 autem
1031 3069 1084 3117 in
1119 3067 1270 3118 malo
1298 3076 1446 3128 sunt,
1479 3068 1742 3118 labuntur
1769 3070 2052 3127 continue,
2084 3077 2140 3119 et
2170 3086 2307 3135 quo-

451 3163 557 3211 que
597 3163 628 3196 a
669 3147 914 3196 Domino
956 3146 1248 3196 elevantur
1288 3147 1572 3205 continue,
1607 3147 1705 3196 sed
1746 3147 1915 3197 modo
1955 3148 2309 3198 abducuntur

452 3242 520 3275 ne
562 3225 770 3275 cadant
810 3226 863 3274 in
904 3226 1235 3290 gravissima
1276 3224 1441 3284 mala,
1477 3226 1548 3274 ad
1589 3243 1730 3291 quae
1770 3243 1842 3275 ex
1890 3243 1947 3275 se
1995 3227 2147 3276 omni
2187 3227 2308 3276 nisu

451 3304 711 3353 tendunn

550 3384 713 3449 164.
765 3383 957 3432 Homo
1001 3383 1093 3448 qui
1142 3382 1411 3447 explorat
1461 3399 1538 3441 se,
1586 3391 1645 3432 ut
1691 3383 2102 3448 paenitentiam
2147 3391 2304 3448 agat,

452 3459 774 3524 explorabit
799 3460 1179 3523 cogitationes
1208 3476 1336 3508 suas
1365 3467 1421 3508 et
1450 3458 2123 3511 intentionesvoluntatis
2142 3478 2303 3523 suae;

450 3546 508 3588 et
549 3539 638 3597 ibi,
674 3538 803 3603 quid
854 3536 1095 3587 facturus
1142 3546 1292 3587 esset
1344 3538 1405 3586 si.
1439 3539 1487 3587 ei
1539 3537 1750 3597 liceret,
1794 3538 1899 3588 hoc
1952 3547 2056 3598 est,
2099 3539 2143 3588 si
2193 3555 2305 3589 non

451 3618 676 3666 timeret
711 3616 866 3681 leges
897 3633 959 3665 ac
988 3614 1262 3680 jacturam
1296 3615 1492 3675 famae,
1519 3616 1747 3665 honoris
1776 3624 1831 3666 et
1867 3615 2032 3666 lucri:
2076 3617 2147 3667 ibi
2176 3626 2304 3667 sunt

452 3694 599 3744 mala
633 3695 909 3756 hominis;
953 3693 1101 3743 mala
1134 3710 1274 3760 quae
1308 3693 1480 3743 homo
1507 3710 1740 3759 corpore
1774 3694 1921 3754 facit,
1953 3702 2082 3744 sunt
2117 3694 2303 3744 omnia
