2496 4250
0 3492 17 3534 ἰ.

838 428 917 468 DE
957 428 1183 468 DIVINA
1223 428 1576 469 TRINITATE
2076 429 2134 484 51

276 622 321 666 D
365 565 444 620 (5.)
494 564 642 623 Quod
661 579 720 609 ex
737 566 958 610 trinitate
979 566 1308 612 Personarum
1330 567 1679 611 inevitabiliter
1690 575 1925 624 sequatur
1946 566 2141 611 trinitas

325 637 511 668 eorum.

364 682 445 738 (6.)
491 682 638 740 Quod
672 683 712 727 si
748 683 883 727 Deus
910 698 1037 728 unus
1064 693 1151 734 est,
1177 683 1498 729 [¹1necessaria
1524 685 1587 729 sit
1614 684 1830 728 Trinitas
1861 685 1965 735 Dei,
1989 692 2039 728 et
2071 685 2141 728 sic

273 740 490 785 Trinitas
517 742 775 786 Personae.
1413 785 1416 789 .

366 800 445 855 (7.)
491 799 639 858 Quod
663 801 878 844 Trinitas
903 800 1008 851 Dei,
1026 816 1151 859 quae
1174 804 1324 847 etiam
1348 811 1422 847 est
1446 803 1661 848 Trinitas
1687 802 1947 853 Personae,
1963 803 2028 847 sit
2046 801 2140 846 [²Jin

275 858 382 902 Deo
406 859 673 909 incarnato,
698 873 783 902 seu
806 859 921 917 Jesu
947 859 1160 906 Christo.

362 917 442 972 (8.)
488 917 821 961 Confirmatur
843 931 902 961 ex
927 917 1180 975 Scriptura
1204 920 1380 964 Sacra:

361 977 442 1031 (9.)
485 976 546 1019 Et
564 990 762 1033 quoque
780 991 840 1020 ex
856 977 1045 1021 ratione
1065 980 1218 1035 (quod
1237 980 1301 1023 sit
1323 979 1518 1022 trinitas
1538 979 1584 1021 in
1605 979 1885 1036 unoquovis
1903 980 2141 1037 homIne).

352 1035 461 1090 (10.)
512 1034 658 1092 Quod
697 1035 914 1078 Ecclesia
939 1037 1229 1092 Apostolica
1252 1052 1492 1094 nusquam
1517 1036 1809 1094 cogitaverit
1832 1039 1893 1082 de
1920 1039 2141 1084 trinitate

273 1092 630 1137 Personarum:
663 1107 723 1136 ex
748 1095 967 1151 Symbolo.

355 1154 463 1208 (11.)
510 1151 657 1210 Quod
681 1153 876 1196 trinitas
904 1167 1224 1210 personarum
1253 1156 1413 1211 primo
1442 1155 1642 1198 inventa
1665 1155 1727 1198 sit
1750 1169 1778 1198 a
1805 1155 2031 1200 Concilio
2055 1156 2141 1200 Ni-

271 1225 440 1255 caeno.

352 1271 462 1326 (12.)
508 1268 655 1327 Quod
691 1269 805 1314 inde
843 1271 1065 1315 derivata
1096 1272 1160 1316 sit
1198 1272 1247 1315 in
1286 1272 1517 1316 ecclesias
1555 1280 1668 1329 post
1711 1272 1845 1323 illud,
1884 1288 2040 1331 usque
2077 1275 2140 1318 ad

270 1329 561 1372 hodiernum
585 1332 794 1386 tempus.

351 1390 461 1443 (13.)
557 1388 655 1431 uod
680 1401 780 1430 non
801 1388 932 1444 prius
948 1403 1095 1445 quam
1120 1390 1269 1434 hodie
1293 1390 1510 1446 potuerit
1529 1388 1753 1433 dofflrina
1771 1390 1853 1434 illa
1870 1389 2141 1437 reGificari.

352 1448 460 1501 (14.)
557 1447 655 1489 uod
694 1446 888 1491 trinitas
926 1462 1244 1504 personarum
1287 1457 1446 1492 totam
1485 1449 1741 1492 ecclesiam
1787 1449 2053 1502 inverterit,
2092 1459 2142 1495 et

270 1504 603 1548 falsificaverit
626 1505 793 1548 omnia
815 1514 866 1549 et
890 1506 1084 1564 singula
1106 1508 1226 1564 ejus.

349 1564 459 1619 (15.)
507 1562 656 1621 Quod
681 1578 854 1608 omnes
881 1565 1102 1609 dicerent
1125 1567 1258 1622 quod
1287 1567 1494 1610 excedat
1521 1574 1737 1623 captum,
1762 1575 1811 1610 et
1837 1568 1970 1624 quod
2000 1569 2142 1612 intel-

268 1621 424 1666 lectus
457 1623 733 1714 captandus
770 1623 834 1667 sit
872 1625 963 1667 sub
1001 1625 1286 1668 obedientia
1317 1625 1446 1670 fidei.
1509 1624 1642 1684 Quid
1678 1625 1870 1669 “Filius
1904 1635 2048 1671 natus
2080 1629 2142 1671 ab

273 1689 475 1725 aeterno
492 1681 528 1725 ''.

270 1797 315 1842 U
351 1740 459 1842 (ἑὸ.)
505 1739 653 1798 Quod
687 1740 735 1784 in
766 1740 983 1786 Domino
1010 1742 1074 1786 sit
1100 1756 1199 1786 una
1225 1743 1453 1794 Trinitas,
1478 1752 1527 1787 et
1549 1743 1684 1800 quod
1719 1743 1768 1787 in
1802 1744 2044 1789 Trinitate
2077 1745 2141 1789 sit

321 1813 369 1842 n1
395 1812 461 1843 as.

889 2179 1153 2232 CAPUT
1205 2162 1539 2233 PRIMUM.

273 2371 458 2438 QUOD
482 2372 720 2423 DIVINA
743 2372 1054 2424 TRINITAS
1083 2384 1212 2436 SIT;
1253 2385 1613 2435 VIDELICET,
1645 2375 1874 2437 PATER,
1904 2376 2136 2438 FILIUS,

484 2461 564 2500 ET
604 2449 890 2502 SPIRITUS
930 2450 1233 2503 SANCTUS.
2201 2453 2206 2460 “

381 2615 422 2652 1.
478 2600 646 2667 Quod
685 2602 894 2654 Unitas
935 2603 1058 2664 Dei,
1095 2603 1150 2654 in
1184 2611 1312 2655 toto
1347 2611 1621 2655 terrarum
1654 2605 1787 2656 orbe
1821 2606 1912 2656 ubi
1940 2605 2140 2673 religio

619 2689 677 2731 et
712 2698 849 2731 sana
881 2683 1044 2743 rati0‚
1081 2683 1278 2748 agnita
1310 2691 1368 2734 et
1398 2692 1632 2750 recepta
1665 2686 1754 2735 sit.

376 2771 423 2809 2.
478 2757 645 2825 Quod
697 2761 824 2810 ideo
872 2760 1123 2811 Trinitas
1172 2761 1278 2811 Dei
1330 2778 1443 2812 non
1491 2764 1738 2828 potuerit
1790 2771 1929 2814 nota
1979 2781 2138 2828 esse;

625 2855 756 2888 nam
787 2840 831 2889 si
859 2847 998 2890 nota
1031 2839 1246 2900 fuisset,
1279 2841 1452 2891 immo
1487 2842 1530 2891 si
1564 2842 1735 2892 modo
1768 2840 1935 2903 dicta,
1965 2842 2140 2893 homo

624 2922 694 2971 de
722 2920 1007 2972 Trinitate
1038 2922 1143 2972 Dei
1167 2923 1540 2987 cogitavisset
1569 2923 1955 2990 pluralitatem
1986 2924 2138 2976 Deo-

625 3017 746 3050 rum
771 3018 782 3063 ;
837 3017 1004 3066 quam
1038 3000 1237 3067 religio
1270 3009 1327 3052 et
1356 3019 1576 3068 quoque
1606 3019 1742 3052 sana
1759 3003 1904 3053 ratio
1931 3002 2149 3054 abhor-

625 3086 768 3128 rent.

380 3169 425 3222 3,
481 3155 647 3222 Quod
681 3157 809 3207 ideo
838 3157 1086 3208 Trinitas
1121 3158 1226 3208 Dei
1261 3175 1372 3208 non
1403 3160 1650 3225 potuerit
1679 3160 1780 3208 nisi
1815 3177 1888 3209 ex
1922 3159 2139 3210 revela-

628 3236 784 3286 tione
808 3237 1094 3302 cognosci,
1120 3237 1201 3286 ita
1225 3253 1337 3287 non
1361 3238 1465 3287 nisi
1487 3254 1652 3303 quam
1677 3255 1749 3288 ex
1775 3238 1990 3302 Verbo;
2033 3255 2136 3290 nec

626 3314 797 3379 recipi
844 3315 946 3364 nisi
986 3314 1234 3364 Trinitas
1275 3316 1447 3364 etiam
1488 3317 1559 3365 sit
1601 3315 1807 3366 Unitas
1849 3316 1970 3376 Dei,
2006 3334 2138 3367 nam

631 3391 838 3458 alioqui
879 3392 1022 3443 foret
1057 3391 1448 3452 contradictio,
1485 3410 1627 3458 quae
1661 3394 1804 3458 parit
1840 3411 1951 3443 non
1986 3412 2102 3445 ens.

377 3483 428 3533 4.
483 3467 649 3535 Quod
696 3469 947 3520 Trinitas
995 3471 1099 3521 Dei
1139 3468 1436 3521 actualiter
1476 3487 1587 3520 non
1628 3473 1916 3522 exstiterit
1958 3474 2136 3538 prius-

631 3565 798 3614 quam
828 3548 1003 3598 Filius
1032 3549 1155 3609 Dei,
1187 3548 1450 3599 Salvator
1477 3549 1687 3609 mundi,
1713 3557 1878 3599 natus
1912 3559 1998 3601 est
2023 3568 2035 3613 ;
2076 3559 2134 3602 et

627 3631 775 3694 quod
810 3643 910 3677 nec
946 3628 1092 3693 prius
1133 3627 1340 3679 Unitas
1373 3628 1427 3677 in
1461 3626 1758 3688 Trinitate,
1795 3636 1851 3679 et
1886 3628 2136 3680 Trinitas

629 3701 683 3750 in
715 3704 969 3756 Unitate.
