2496 4250
465 437 531 476 22
1144 438 1227 478 DE
1266 437 1647 478 CHARITATE.

464 594 591 628 amo
619 576 771 629 illurn
800 578 1103 629 secundum
1145 576 1457 630 doeirinam
1496 579 1595 630 sed
1634 578 1939 631 secundum
1966 580 2157 642 vitam,
2186 597 2325 648 quo-

463 658 611 706 niam
631 656 760 706 dum
776 656 1080 706 secundum
1096 654 1406 707 doffirinam
1423 657 1618 718 solum,
1635 674 1762 708 amo
1781 657 1934 708 illum
1949 666 2007 710 ut
2026 667 2325 710 externum

461 734 762 794 hominem,
782 742 839 785 at
862 735 906 784 si
928 735 1231 785 secundum
1253 736 1426 786 vitam
1444 737 1613 786 etiam
1633 744 1690 786 ut
1713 737 1990 786 internum
2007 736 2290 787 hominem
2313 755 2325 798 ;

462 814 504 862 si
533 814 678 863 enim
706 820 792 863 est
820 811 897 863 illi
924 812 1132 863 bonum
1160 813 1459 879 religioni5‚
1489 823 1574 865 est
1603 832 1823 881 quoque
1852 814 1929 865 illi
1968 815 2175 865 bonum
2202 830 2324 865 mo-

461 891 575 941 rale
604 898 660 941 et
689 908 907 957 quoque
947 890 1155 942 bonum
1183 892 1342 943 civile
1366 910 1375 955 ;
1417 909 1528 943 non
1569 901 1803 958 possunt
1831 893 2106 958 separari;
2135 901 2194 944 at
2233 892 2326 959 qui

462 968 642 1019 solum
681 976 767 1019 est
806 970 860 1019 in
901 967 1171 1030 d06'crina,
1214 978 1403 1035 potest
1443 987 1555 1021 non
1595 971 1799 1021 habere
1839 970 2201 1037 religionem;
2247 971 2327 1021 ita

461 1047 576 1112 ejus
603 1047 810 1097 bonum
839 1047 1048 1098 morale
1075 1055 1133 1098 et
1161 1047 1320 1099 civile
1343 1065 1455 1099 non
1483 1049 1653 1100 habet
1681 1050 1733 1099 in
1763 1066 1821 1100 se
1844 1050 2050 1113 vitam3
2090 1055 2178 1101 est
2205 1065 2326 1100 mo-

462 1126 535 1177 do
563 1133 895 1189 externum;
936 1125 1055 1177 vult
1084 1126 1255 1177 videri
1283 1134 1340 1178 et
1368 1126 1488 1178 vult
1517 1127 1666 1178 credi
1692 1127 1841 1194 quod
1869 1128 1956 1178 sit.

1359 1503 1431 1554 V.

467 1677 653 1746 QUOD
683 1690 867 1731 HOMO
895 1690 989 1731 SIT
1017 1690 1369 1742 SUBJECTUM
1397 1690 1782 1731 CHARITATIS
1805 1698 1815 1743 ;
1858 1692 1936 1731 ΕΤ
1964 1690 2189 1742 QUALIS
2217 1690 2328 1731 EST

677 1772 995 1813 CHARITAS
1023 1773 1187 1812 APUD
1216 1773 1414 1812 ILLUM
1441 1773 1607 1812 TALE
1635 1773 1745 1813 EST
1773 1773 2126 1826 SUBJECTUM
2154 1773 2326 1826 EJUS5

675 1855 754 1894 ET
803 1855 985 1894 TALIS
1043 1854 1152 1894 EST
1204 1854 1522 1895 CHARITAS
1579 1855 1756 1906 QUAM
1814 1855 2102 1895 EXERCET
2158 1855 2329 1895 ERGA

677 1937 1030 1978 PROXIMUM.

465 2089 843 2157 Exponentur
869 2091 923 2141 in
951 2090 1056 2142 hoc
1086 2091 1278 2142 ordine
1304 2108 1357 2142 :-

855 2212 887 2253 1.
932 2212 1051 2258 Ouod
1066 2213 1190 2254 homo
1210 2216 1386 2255 creatus
1407 2212 1468 2254 sit
1487 2216 1535 2254 ut
1552 2212 1611 2255 sit
1632 2214 1769 2254 forma
1789 2211 1950 2254 amorJ's
1971 2215 2018 2254 et
2034 2210 2285 2266 sapientiae.

850 2300 894 2342 2.
939 2300 1057 2346 Quod
1067 2300 1192 2342 hodie
1206 2304 1254 2342 ut
1266 2301 1389 2342 homo
1405 2300 1465 2343 sit
1477 2301 1611 2348 homo,
1625 2300 1779 2342 debeat
1791 2312 1891 2342 esse
1907 2298 2098 2341 charitas
2117 2297 2159 2340 in
2177 2299 2330 2340 forma.

850 2387 896 2429 3.
941 2386 1059 2433 Quod
1075 2388 1198 2429 homo
1219 2387 1374 2429 debeat
1392 2400 1492 2429 esse
1516 2387 1705 2429 charitas
1724 2386 1766 2428 ln
1789 2388 1938 2434 torma,
1961 2398 2042 2427 non
2071 2397 2099 2427 α
2128 2397 2179 2427 se
2198 2385 2282 2427 sed
2305 2396 2334 2426 a

1017 2443 1201 2491 Domino,
1223 2443 1284 2486 ita
1304 2443 1418 2498 quod
1434 2442 1495 2484 sit
1512 2443 1830 2497 receptaculum
1852 2440 2090 2483 charitati&

849 2521 891 2562 4.
936 2520 1053 2567 Quod
1069 2521 1192 2562 homo
1213 2521 1313 2563 talis
1335 2523 1471 2563 forma
1494 2520 1717 2562 charitatis
1738 2519 1806 2567 sit,
1830 2519 1945 2562 sicut
1963 2519 2114 2561 bonum
2138 2518 2333 2560 volunta-

1018 2576 1075 2618 tis
1095 2577 1362 2630 conjunctum
1385 2580 1456 2618 est
1476 2575 1588 2618 veris
1608 2575 1852 2617 Intellectus
1872 2574 1990 2629 apud
2005 2573 2136 2615 illum.

851 2657 898 2698 5.
943 2656 1061 2702 Quod
1077 2657 1276 2711 quicquid
1288 2656 1483 2711 procedit
1511 2669 1563 2698 ex
1584 2656 1663 2698 tali
1678 2655 1854 2703 homine,
1879 2668 1931 2697 ex
1953 2657 2090 2697 forma
2111 2653 2259 2696 trahat
2284 2657 2335 2696 ut

1017 2712 1078 2754 sit
1094 2712 1244 2760 simile,
1266 2712 1327 2754 ita
1348 2712 1462 2768 quod
1478 2711 1539 2754 sit
1557 2711 1759 2753 charitas.

853 2791 884 2832 6
940 2790 1058 2836 Quod
1070 2790 1293 2844 proximus
1313 2790 1454 2832 amari
1466 2790 1610 2844 possit
1628 2803 1679 2831 ex
1699 2803 1780 2831 non
1797 2788 2018 2836 charitate,
2037 2791 2083 2830 et
2093 2787 2173 2830 hoc
2193 2790 2335 2829 tamen

1016 2845 1059 2887 ίη
1079 2859 1130 2888 se
1149 2850 1390 2900 spectatum
1410 2858 1490 2887 non
1512 2849 1582 2887 est
1598 2858 1746 2887 amare
1762 2844 2014 2899 proximum.

858 2937 897 2978 7.
941 2935 1059 2982 Quod
1075 2936 1150 2991 qui
1161 2935 1528 2991 amatprom'mum
1545 2948 1597 2977 ex
1613 2934 1823 2977 charitate
1838 2934 1879 2976 in
1896 2947 1957 2982 se,
1973 2934 2044 2975 ille
2059 2935 2178 2975 amet
2186 2930 2334 2987 proxi-

1020 3004 1146 3033 mum.

471 3150 503 3191 1.
549 3149 668 3195 Ουοό
683 3149 804 3191 homo
824 3153 999 3191 creatus
1019 3149 1080 3191 sit
1099 3153 1147 3191 ut
1164 3148 1224 3191 sit
1244 3151 1380 3191 torma
1401 3147 1560 3190 amoris
1582 3151 1626 3190 et
1643 3146 1892 3202 saptentiae,

577 3258 812 3311 Creatus
851 3267 938 3310 est
978 3259 1031 3309 in
1071 3260 1370 3325 imaginem
1400 3258 1520 3318 Dei,
1551 3259 1603 3308 in
1645 3256 2062 3308 similitudinem
2096 3254 2234 3319 Dei;
2274 3260 2332 3305 et

470 3338 623 3389 Deus
651 3346 738 3388 est
768 3338 894 3403 Ipse
925 3337 1104 3388 Amor
1131 3346 1188 3388 et
1219 3338 1347 3402 Ipsa
1376 3336 1676 3402 Sapientia.

577 3419 789 3469 Notum
818 3427 904 3470 est
937 3419 1085 3485 quod
1114 3418 1291 3485 qualis
1314 3414 1488 3469 ⁴homo
1516 3426 1601 3468 est
1630 3418 1919 3483 sapientia,
1949 3415 2076 3467 talis
2115 3422 2202 3465 est
2230 3413 2332 3464 ho·

470 3513 596 3558 mo;
637 3497 735 3546 sed
763 3498 878 3547 vita
911 3498 1216 3562 sapientiae
1256 3504 1341 3547 est
1381 3513 1551 3556 amor,
1582 3505 1638 3546 et
1678 3512 1833 3546 amor
1872 3502 1957 3545 est
1986 3493 2245 3551 essentia,
2274 3499 2333 3542 et

471 3576 745 3640 sapientia
771 3582 858 3625 est
888 3576 1090 3625 amoris
1117 3575 1308 3634 forma,
1339 3582 1397 3625 ut
1417 3574 1605 3624 multis
1634 3581 1919 3624 ostensum
1948 3579 2033 3622 est
2070 3571 2123 3620 in
2164 3569 2334 3634 Sapi-

470 3653 618 3702 entia
639 3652 688 3702 A
700 3670 733 3701 72
731 3652 908 3718 gelz'ca
929 3652 993 3702 de
1010 3653 1219 3703 Divino
1240 3652 1290 3702 A
1302 3670 1446 3703 more
1464 3660 1514 3702 et
1532 3651 1747 3702 Divina
1771 3649 2062 3716 Sapientia
2075 3666 2100 3708 ,·
2138 3647 2334 3715 quibus

472 3729 630 3796 plura
657 3731 743 3781 hic
772 3730 978 3781 addere
1006 3747 1115 3781 non
1145 3747 1283 3797 opus
1311 3738 1413 3782 est.
