<?xml version="1.0" encoding="UTF-8"?>
<!DOCTYPE html PUBLIC "-//W3C//DTD XHTML 1.0 Transitional//EN"
    "http://www.w3.org/TR/xhtml1/DTD/xhtml1-transitional.dtd">
<html xmlns="http://www.w3.org/1999/xhtml" xml:lang="en" lang="en">
 <head>
  <title>
</title>
<meta http-equiv="Content-Type" content="text/html;charset=utf-8" />
  <meta name='ocr-system' content='tesseract 3.04.00' />
  <meta name='ocr-capabilities' content='ocr_page ocr_carea ocr_par ocr_line ocrx_word'/>
</head>
<body>
  <div class='ocr_page' id='page_1' title='image "1885denovahieros00sweduoft_0143.png"; bbox 0 0 2496 4250; ppageno 0'>
   <div class='ocr_carea' id='block_1_1' title="bbox 0 0 182 4250">
    <p class='ocr_par' dir='ltr' id='par_1_1' title="bbox 0 0 182 4250">
     <span class='ocr_line' id='line_1_1' title="bbox 0 0 182 4250; baseline 0 0"><span class='ocrx_word' id='word_1_1' title='bbox 0 0 182 4250; x_wconf 95' lang='lat' dir='ltr'> </span> 
     </span>
    </p>
   </div>
   <div class='ocr_carea' id='block_1_2' title="bbox 509 407 2091 468">
    <p class='ocr_par' dir='ltr' id='par_1_2' title="bbox 509 407 2091 468">
     <span class='ocr_line' id='line_1_2' title="bbox 509 407 2091 468; baseline 0.004 -22"><span class='ocrx_word' id='word_1_2' title='bbox 509 407 588 447; x_wconf 85' lang='lat' dir='ltr'>ET</span> <span class='ocrx_word' id='word_1_3' title='bbox 628 407 767 460; x_wconf 86' lang='lat' dir='ltr'>EJUS</span> <span class='ocrx_word' id='word_1_4' title='bbox 806 407 1134 449; x_wconf 87' lang='lat' dir='ltr'><strong>DOCTRINA</strong></span> <span class='ocrx_word' id='word_1_5' title='bbox 1174 410 1629 451; x_wconf 81' lang='lat' dir='ltr'>CAELESTL—N.</span> <span class='ocrx_word' id='word_1_6' title='bbox 1660 413 1778 467; x_wconf 89' lang='lat'><strong><em>247.</em></strong></span> <span class='ocrx_word' id='word_1_7' title='bbox 1995 414 2091 468; x_wconf 83' lang='lat'>137</span> 
     </span>
    </p>
   </div>
   <div class='ocr_carea' id='block_1_3' title="bbox 224 546 2092 959">
    <p class='ocr_par' dir='ltr' id='par_1_3' title="bbox 224 546 2092 959">
     <span class='ocr_line' id='line_1_3' title="bbox 229 546 2091 662; baseline 0.003 -71"><span class='ocrx_word' id='word_1_8' title='bbox 229 607 247 662; x_wconf 79' lang='grc'><strong>(</strong></span> <span class='ocrx_word' id='word_1_9' title='bbox 314 546 462 650; x_wconf 61' lang='grc' dir='ltr'>Ωιὲοά</span> <span class='ocrx_word' id='word_1_10' title='bbox 489 548 700 592; x_wconf 85' lang='lat' dir='ltr'>charitas</span> <span class='ocrx_word' id='word_1_11' title='bbox 728 548 874 592; x_wconf 80' lang='lat' dir='ltr'>faciat</span> <span class='ocrx_word' id='word_1_12' title='bbox 900 549 1170 600; x_wconf 90' lang='lat' dir='ltr'>ecclesiam,</span> <span class='ocrx_word' id='word_1_13' title='bbox 1195 558 1244 594; x_wconf 91' lang='lat' dir='ltr'>et</span> <span class='ocrx_word' id='word_1_14' title='bbox 1272 565 1370 595; x_wconf 90' lang='lat' dir='ltr'>non</span> <span class='ocrx_word' id='word_1_15' title='bbox 1400 550 1523 595; x_wconf 87' lang='lat' dir='ltr'>fides</span> <span class='ocrx_word' id='word_1_16' title='bbox 1546 561 1771 608; x_wconf 88' lang='lat' dir='ltr'>separata</span> <span class='ocrx_word' id='word_1_17' title='bbox 1796 566 1824 595; x_wconf 93' lang='lat' dir='ltr'>a</span> <span class='ocrx_word' id='word_1_18' title='bbox 1849 553 2091 596; x_wconf 85' lang='lat' dir='ltr'>charitate</span> 
     </span>
     <span class='ocr_line' id='line_1_4' title="bbox 248 614 1975 662; baseline 0.002 -12"><span class='ocrx_word' id='word_1_19' title='bbox 248 620 294 651; x_wconf 91' lang='lat' dir='ltr'>n.</span> <span class='ocrx_word' id='word_1_20' title='bbox 318 619 367 662; x_wconf 92' lang='lat'>91</span> <span class='ocrx_word' id='word_1_21' title='bbox 405 614 438 662; x_wconf 88' lang='lat'>).</span> <span class='ocrx_word' id='word_1_22' title='bbox 1973 615 1975 617; x_wconf 83' lang='grc'><strong>’</strong></span> 
     </span>
     <span class='ocr_line' id='line_1_5' title="bbox 317 663 2092 723; baseline 0.003 -16"><span class='ocrx_word' id='word_1_23' title='bbox 317 665 532 708; x_wconf 88' lang='lat' dir='ltr'>Proinde</span> <span class='ocrx_word' id='word_1_24' title='bbox 564 679 664 708; x_wconf 91' lang='lat' dir='ltr'>non</span> <span class='ocrx_word' id='word_1_25' title='bbox 698 663 925 709; x_wconf 58' lang='lat' dir='ltr'>doctrina</span> <span class='ocrx_word' id='word_1_26' title='bbox 957 666 1070 710; x_wconf 89' lang='lat' dir='ltr'>fidei</span> <span class='ocrx_word' id='word_1_27' title='bbox 1105 676 1357 723; x_wconf 87' lang='lat' dir='ltr'>separatae</span> <span class='ocrx_word' id='word_1_28' title='bbox 1389 682 1418 711; x_wconf 93' lang='lat' dir='ltr'>a</span> <span class='ocrx_word' id='word_1_29' title='bbox 1454 668 1710 718; x_wconf 86' lang='lat' dir='ltr'>charitate,</span> <span class='ocrx_word' id='word_1_30' title='bbox 1744 669 1830 712; x_wconf 89' lang='lat' dir='ltr'>sed</span> <span class='ocrx_word' id='word_1_31' title='bbox 1864 668 2092 713; x_wconf 59' lang='lat' dir='ltr'>doftrina</span> 
     </span>
     <span class='ocr_line' id='line_1_6' title="bbox 226 722 2087 784; baseline 0.002 -18"><span class='ocrx_word' id='word_1_32' title='bbox 226 722 340 768; x_wconf 88' lang='lat' dir='ltr'>fidei</span> <span class='ocrx_word' id='word_1_33' title='bbox 373 723 667 780; x_wconf 65' lang='lat' dir='ltr'>conjunctae</span> <span class='ocrx_word' id='word_1_34' title='bbox 699 738 812 767; x_wconf 90' lang='lat' dir='ltr'>cum</span> <span class='ocrx_word' id='word_1_35' title='bbox 847 724 940 774; x_wconf 90' lang='lat' dir='ltr'>illa,</span> <span class='ocrx_word' id='word_1_36' title='bbox 975 726 1247 768; x_wconf 90' lang='lat' dir='ltr'>secundum</span> <span class='ocrx_word' id='word_1_37' title='bbox 1281 740 1427 783; x_wconf 90' lang='lat' dir='ltr'>quam</span> <span class='ocrx_word' id='word_1_38' title='bbox 1454 727 1558 770; x_wconf 92' lang='lat' dir='ltr'>vita</span> <span class='ocrx_word' id='word_1_39' title='bbox 1593 729 1656 782; x_wconf 90' lang='lat' dir='ltr'>(n.</span> <span class='ocrx_word' id='word_1_40' title='bbox 1686 727 1784 782; x_wconf 85' lang='lat'>809,</span> <span class='ocrx_word' id='word_1_41' title='bbox 1814 729 1937 783; x_wconf 90' lang='lat'>1798,</span> <span class='ocrx_word' id='word_1_42' title='bbox 1963 739 2087 784; x_wconf 90' lang='lat'>1799,</span> 
     </span>
     <span class='ocr_line' id='line_1_7' title="bbox 230 783 1844 841; baseline 0.002 -16"><span class='ocrx_word' id='word_1_43' title='bbox 230 783 353 838; x_wconf 89' lang='lat'>1834,</span> <span class='ocrx_word' id='word_1_44' title='bbox 383 783 505 836; x_wconf 88' lang='lat'>1844,</span> <span class='ocrx_word' id='word_1_45' title='bbox 530 783 657 836; x_wconf 89' lang='lat'>4468,</span> <span class='ocrx_word' id='word_1_46' title='bbox 680 783 809 836; x_wconf 91' lang='lat'>4672,</span> <span class='ocrx_word' id='word_1_47' title='bbox 833 783 992 839; x_wconf 89' lang='lat'>4676[?</span> <span class='ocrx_word' id='word_1_48' title='bbox 1015 784 1164 839; x_wconf 90' lang='lat'>4689]‚</span> <span class='ocrx_word' id='word_1_49' title='bbox 1187 785 1317 837; x_wconf 89' lang='lat'>4766,</span> <span class='ocrx_word' id='word_1_50' title='bbox 1345 785 1499 841; x_wconf 83' lang='lat'>5828[?</span> <span class='ocrx_word' id='word_1_51' title='bbox 1527 785 1669 840; x_wconf 88' lang='lat'>5826],</span> <span class='ocrx_word' id='word_1_52' title='bbox 1694 786 1844 840; x_wconf 91' lang='lat'>6637).</span> 
     </span>
     <span class='ocr_line' id='line_1_8' title="bbox 312 839 2090 901; baseline 0.002 -18"><span class='ocrx_word' id='word_1_53' title='bbox 312 839 459 899; x_wconf 72' lang='lat' dir='ltr'>Quod</span> <span class='ocrx_word' id='word_1_54' title='bbox 485 854 583 884; x_wconf 90' lang='lat' dir='ltr'>non</span> <span class='ocrx_word' id='word_1_55' title='bbox 607 842 813 884; x_wconf 87' lang='lat' dir='ltr'>ecclesia</span> <span class='ocrx_word' id='word_1_56' title='bbox 834 843 964 898; x_wconf 87' lang='lat' dir='ltr'>apud</span> <span class='ocrx_word' id='word_1_57' title='bbox 989 842 1240 886; x_wconf 90' lang='lat' dir='ltr'>hominem</span> <span class='ocrx_word' id='word_1_58' title='bbox 1260 843 1336 893; x_wconf 90' lang='lat' dir='ltr'>sit,</span> <span class='ocrx_word' id='word_1_59' title='bbox 1356 844 1448 887; x_wconf 91' lang='lat' dir='ltr'>nisi</span> <span class='ocrx_word' id='word_1_60' title='bbox 1472 858 1587 887; x_wconf 88' lang='lat' dir='ltr'>vera</span> <span class='ocrx_word' id='word_1_61' title='bbox 1609 843 1863 888; x_wconf 63' lang='lat' dir='ltr'>dotstrinae</span> <span class='ocrx_word' id='word_1_62' title='bbox 1883 845 2090 901; x_wconf 86' lang='lat' dir='ltr'>implan-</span> 
     </span>
     <span class='ocr_line' id='line_1_9' title="bbox 224 899 2030 959; baseline 0.002 -17"><span class='ocrx_word' id='word_1_63' title='bbox 224 907 330 943; x_wconf 92' lang='lat' dir='ltr'>tata</span> <span class='ocrx_word' id='word_1_64' title='bbox 350 899 449 943; x_wconf 89' lang='lat' dir='ltr'>sint</span> <span class='ocrx_word' id='word_1_65' title='bbox 476 900 608 943; x_wconf 91' lang='lat' dir='ltr'>bono</span> <span class='ocrx_word' id='word_1_66' title='bbox 631 899 885 943; x_wconf 87' lang='lat' dir='ltr'>charitatis</span> <span class='ocrx_word' id='word_1_67' title='bbox 908 901 1038 957; x_wconf 89' lang='lat' dir='ltr'>apud</span> <span class='ocrx_word' id='word_1_68' title='bbox 1064 901 1215 951; x_wconf 91' lang='lat' dir='ltr'>illum,</span> <span class='ocrx_word' id='word_1_69' title='bbox 1242 901 1310 944; x_wconf 92' lang='lat' dir='ltr'>ita</span> <span class='ocrx_word' id='word_1_70' title='bbox 1330 902 1462 946; x_wconf 90' lang='lat' dir='ltr'>vitae</span> <span class='ocrx_word' id='word_1_71' title='bbox 1489 904 1553 956; x_wconf 90' lang='lat' dir='ltr'>(n.</span> <span class='ocrx_word' id='word_1_72' title='bbox 1578 915 1704 958; x_wconf 87' lang='lat'>3310,</span> <span class='ocrx_word' id='word_1_73' title='bbox 1730 903 1855 958; x_wconf 87' lang='lat'>3963,</span> <span class='ocrx_word' id='word_1_74' title='bbox 1884 904 2030 959; x_wconf 87' lang='lat'>5826).</span> 
     </span>
    </p>
   </div>
   <div class='ocr_carea' id='block_1_4' title="bbox 221 1023 2108 1727">
    <p class='ocr_par' dir='ltr' id='par_1_4' title="bbox 223 1023 2090 1140">
     <span class='ocr_line' id='line_1_10' title="bbox 312 1023 2090 1084; baseline 0.002 -17"><span class='ocrx_word' id='word_1_75' title='bbox 312 1023 460 1083; x_wconf 74' lang='lat' dir='ltr'>Quod</span> <span class='ocrx_word' id='word_1_76' title='bbox 489 1024 622 1068; x_wconf 92' lang='lat' dir='ltr'>nulla</span> <span class='ocrx_word' id='word_1_77' title='bbox 644 1025 850 1082; x_wconf 88' lang='lat' dir='ltr'>ecclesia</span> <span class='ocrx_word' id='word_1_78' title='bbox 871 1025 1002 1081; x_wconf 90' lang='lat' dir='ltr'>apud</span> <span class='ocrx_word' id='word_1_79' title='bbox 1030 1025 1282 1069; x_wconf 88' lang='lat' dir='ltr'>hominem</span> <span class='ocrx_word' id='word_1_80' title='bbox 1307 1026 1383 1076; x_wconf 90' lang='lat' dir='ltr'>sit,</span> <span class='ocrx_word' id='word_1_81' title='bbox 1409 1027 1447 1070; x_wconf 90' lang='lat' dir='ltr'>si</span> <span class='ocrx_word' id='word_1_82' title='bbox 1477 1026 1516 1070; x_wconf 92' lang='lat' dir='ltr'>is</span> <span class='ocrx_word' id='word_1_83' title='bbox 1544 1027 1694 1070; x_wconf 92' lang='lat' dir='ltr'>modo</span> <span class='ocrx_word' id='word_1_84' title='bbox 1723 1027 1770 1070; x_wconf 92' lang='lat' dir='ltr'>in</span> <span class='ocrx_word' id='word_1_85' title='bbox 1798 1028 1940 1077; x_wconf 87' lang='lat' dir='ltr'>veris,</span> <span class='ocrx_word' id='word_1_86' title='bbox 1965 1041 2090 1084; x_wconf 91' lang='lat' dir='ltr'>quae</span> 
     </span>
     <span class='ocr_line' id='line_1_11' title="bbox 223 1083 980 1140; baseline 0 -13"><span class='ocrx_word' id='word_1_87' title='bbox 223 1091 464 1127; x_wconf 90' lang='lat' dir='ltr'>vocantur</span> <span class='ocrx_word' id='word_1_88' title='bbox 486 1083 613 1133; x_wconf 87' lang='lat' dir='ltr'>fidei,</span> <span class='ocrx_word' id='word_1_89' title='bbox 637 1092 711 1127; x_wconf 90' lang='lat' dir='ltr'>est</span> <span class='ocrx_word' id='word_1_90' title='bbox 737 1086 802 1140; x_wconf 91' lang='lat' dir='ltr'>(n.</span> <span class='ocrx_word' id='word_1_91' title='bbox 834 1084 980 1138; x_wconf 88' lang='lat'>5826).</span> 
     </span>
    </p>

    <p class='ocr_par' dir='ltr' id='par_1_5' title="bbox 222 1140 2108 1256">
     <span class='ocr_line' id='line_1_12' title="bbox 312 1140 2088 1199; baseline 0.002 -15"><span class='ocrx_word' id='word_1_92' title='bbox 312 1140 564 1199; x_wconf 71' lang='lat' dir='ltr'>Quantum</span> <span class='ocrx_word' id='word_1_93' title='bbox 593 1142 707 1185; x_wconf 90' lang='lat' dir='ltr'>boni</span> <span class='ocrx_word' id='word_1_94' title='bbox 742 1142 791 1185; x_wconf 93' lang='lat' dir='ltr'>in</span> <span class='ocrx_word' id='word_1_95' title='bbox 823 1142 1041 1192; x_wconf 90' lang='lat' dir='ltr'>ecclesia,</span> <span class='ocrx_word' id='word_1_96' title='bbox 1066 1142 1106 1186; x_wconf 91' lang='lat' dir='ltr'>si</span> <span class='ocrx_word' id='word_1_97' title='bbox 1139 1142 1351 1186; x_wconf 86' lang='lat' dir='ltr'>charitas</span> <span class='ocrx_word' id='word_1_98' title='bbox 1385 1143 1544 1199; x_wconf 90' lang='lat' dir='ltr'>primo</span> <span class='ocrx_word' id='word_1_99' title='bbox 1575 1144 1687 1187; x_wconf 93' lang='lat' dir='ltr'>loco</span> <span class='ocrx_word' id='word_1_100' title='bbox 1719 1143 1859 1194; x_wconf 81' lang='lat' dir='ltr'>foret,</span> <span class='ocrx_word' id='word_1_101' title='bbox 1884 1153 1933 1188; x_wconf 90' lang='lat' dir='ltr'>et</span> <span class='ocrx_word' id='word_1_102' title='bbox 1965 1144 2088 1188; x_wconf 90' lang='lat' dir='ltr'>fides</span> 
     </span>
     <span class='ocr_line' id='line_1_13' title="bbox 222 1201 2108 1256; baseline 0 -12"><span class='ocrx_word' id='word_1_103' title='bbox 222 1201 443 1244; x_wconf 89' lang='lat' dir='ltr'>secundo</span> <span class='ocrx_word' id='word_1_104' title='bbox 468 1203 533 1255; x_wconf 91' lang='lat' dir='ltr'>(n.</span> <span class='ocrx_word' id='word_1_105' title='bbox 556 1201 707 1256; x_wconf 91' lang='lat'>6269).</span> <span class='ocrx_word' id='word_1_106' title='bbox 2106 1208 2108 1210; x_wconf 79' lang='grc'>’</span> 
     </span>
    </p>

    <p class='ocr_par' dir='ltr' id='par_1_6' title="bbox 316 1259 1666 1316">
     <span class='ocr_line' id='line_1_14' title="bbox 316 1259 1666 1316; baseline 0.001 -14"><span class='ocrx_word' id='word_1_107' title='bbox 316 1259 376 1302; x_wconf 91' lang='lat' dir='ltr'>Et</span> <span class='ocrx_word' id='word_1_108' title='bbox 398 1268 637 1316; x_wconf 89' lang='lat' dir='ltr'>quantum</span> <span class='ocrx_word' id='word_1_109' title='bbox 663 1259 777 1302; x_wconf 88' lang='lat' dir='ltr'>mali</span> <span class='ocrx_word' id='word_1_110' title='bbox 801 1259 841 1303; x_wconf 89' lang='lat' dir='ltr'>si</span> <span class='ocrx_word' id='word_1_111' title='bbox 865 1259 987 1303; x_wconf 91' lang='lat' dir='ltr'>fides</span> <span class='ocrx_word' id='word_1_112' title='bbox 1010 1259 1170 1316; x_wconf 89' lang='lat' dir='ltr'>primo</span> <span class='ocrx_word' id='word_1_113' title='bbox 1193 1260 1303 1303; x_wconf 89' lang='lat' dir='ltr'>loco</span> <span class='ocrx_word' id='word_1_114' title='bbox 1327 1268 1401 1303; x_wconf 89' lang='lat' dir='ltr'>est</span> <span class='ocrx_word' id='word_1_115' title='bbox 1426 1262 1491 1316; x_wconf 86' lang='lat' dir='ltr'>(n.</span> <span class='ocrx_word' id='word_1_116' title='bbox 1516 1261 1666 1315; x_wconf 91' lang='lat'>6272).</span> 
     </span>
    </p>

    <p class='ocr_par' dir='ltr' id='par_1_7' title="bbox 222 1316 2089 1432">
     <span class='ocr_line' id='line_1_15' title="bbox 311 1316 2089 1376; baseline 0.002 -16"><span class='ocrx_word' id='word_1_117' title='bbox 311 1316 458 1376; x_wconf 72' lang='lat' dir='ltr'>Quod</span> <span class='ocrx_word' id='word_1_118' title='bbox 486 1317 534 1360; x_wconf 91' lang='lat' dir='ltr'>in</span> <span class='ocrx_word' id='word_1_119' title='bbox 561 1318 779 1362; x_wconf 90' lang='lat' dir='ltr'>ecclesiis</span> <span class='ocrx_word' id='word_1_120' title='bbox 801 1318 1018 1375; x_wconf 89' lang='lat' dir='ltr'>antiquis</span> <span class='ocrx_word' id='word_1_121' title='bbox 1040 1318 1253 1362; x_wconf 89' lang='lat' dir='ltr'>charitas</span> <span class='ocrx_word' id='word_1_122' title='bbox 1277 1318 1426 1362; x_wconf 86' lang='lat' dir='ltr'>fuerit</span> <span class='ocrx_word' id='word_1_123' title='bbox 1452 1319 1721 1376; x_wconf 85' lang='lat' dir='ltr'>principale</span> <span class='ocrx_word' id='word_1_124' title='bbox 1747 1328 1797 1363; x_wconf 93' lang='lat' dir='ltr'>et</span> <span class='ocrx_word' id='word_1_125' title='bbox 1829 1320 2089 1364; x_wconf 86' lang='lat' dir='ltr'>essentiale</span> 
     </span>
     <span class='ocr_line' id='line_1_16' title="bbox 222 1376 727 1432; baseline 0 -12"><span class='ocrx_word' id='word_1_126' title='bbox 222 1376 458 1420; x_wconf 87' lang='lat' dir='ltr'>ecclesiae</span> <span class='ocrx_word' id='word_1_127' title='bbox 484 1379 549 1432; x_wconf 93' lang='lat' dir='ltr'>(n.</span> <span class='ocrx_word' id='word_1_128' title='bbox 574 1377 727 1431; x_wconf 87' lang='lat'><strong>4680).</strong></span> 
     </span>
    </p>

    <p class='ocr_par' dir='ltr' id='par_1_8' title="bbox 224 1434 2088 1550">
     <span class='ocr_line' id='line_1_17' title="bbox 311 1434 2088 1493; baseline 0.001 -15"><span class='ocrx_word' id='word_1_129' title='bbox 311 1434 458 1493; x_wconf 73' lang='lat' dir='ltr'>Quod</span> <span class='ocrx_word' id='word_1_130' title='bbox 492 1436 700 1479; x_wconf 88' lang='lat' dir='ltr'>ecclesia</span> <span class='ocrx_word' id='word_1_131' title='bbox 731 1435 859 1479; x_wconf 83' lang='lat' dir='ltr'>foret</span> <span class='ocrx_word' id='word_1_132' title='bbox 891 1435 1019 1478; x_wconf 89' lang='lat' dir='ltr'>sicut</span> <span class='ocrx_word' id='word_1_133' title='bbox 1051 1435 1256 1485; x_wconf 89' lang='lat' dir='ltr'>caelum,</span> <span class='ocrx_word' id='word_1_134' title='bbox 1280 1436 1320 1479; x_wconf 89' lang='lat' dir='ltr'>si</span> <span class='ocrx_word' id='word_1_135' title='bbox 1354 1436 1584 1480; x_wconf 91' lang='lat' dir='ltr'>omnibus</span> <span class='ocrx_word' id='word_1_136' title='bbox 1616 1437 1829 1480; x_wconf 90' lang='lat' dir='ltr'>charitas</span> <span class='ocrx_word' id='word_1_137' title='bbox 1866 1439 1930 1492; x_wconf 93' lang='lat' dir='ltr'>(n.</span> <span class='ocrx_word' id='word_1_138' title='bbox 1961 1437 2088 1492; x_wconf 88' lang='lat'>2385,</span> 
     </span>
     <span class='ocr_line' id='line_1_18' title="bbox 224 1493 373 1550; baseline -0.013 0"><span class='ocrx_word' id='word_1_139' title='bbox 224 1493 373 1550; x_wconf 82' lang='lat'>2853)-</span> 
     </span>
    </p>

    <p class='ocr_par' dir='ltr' id='par_1_9' title="bbox 221 1551 2090 1727">
     <span class='ocr_line' id='line_1_19' title="bbox 312 1551 2090 1611; baseline 0.001 -16"><span class='ocrx_word' id='word_1_140' title='bbox 312 1552 363 1596; x_wconf 85' lang='lat' dir='ltr'>Si</span> <span class='ocrx_word' id='word_1_141' title='bbox 386 1553 571 1596; x_wconf 90' lang='lat' dir='ltr'>bonum</span> <span class='ocrx_word' id='word_1_142' title='bbox 591 1552 720 1596; x_wconf 79' lang='lat' dir='ltr'>foret</span> <span class='ocrx_word' id='word_1_143' title='bbox 738 1551 991 1596; x_wconf 69' lang='lat' dir='ltr'>charafter</span> <span class='ocrx_word' id='word_1_144' title='bbox 1008 1553 1254 1602; x_wconf 89' lang='lat' dir='ltr'>ecclesiae,</span> <span class='ocrx_word' id='word_1_145' title='bbox 1274 1562 1324 1596; x_wconf 93' lang='lat' dir='ltr'>et</span> <span class='ocrx_word' id='word_1_146' title='bbox 1346 1567 1446 1596; x_wconf 92' lang='lat' dir='ltr'>non</span> <span class='ocrx_word' id='word_1_147' title='bbox 1463 1567 1633 1596; x_wconf 92' lang='lat' dir='ltr'>verum</span> <span class='ocrx_word' id='word_1_148' title='bbox 1652 1554 1836 1611; x_wconf 91' lang='lat' dir='ltr'>absque</span> <span class='ocrx_word' id='word_1_149' title='bbox 1855 1555 2000 1603; x_wconf 90' lang='lat' dir='ltr'>bono,</span> <span class='ocrx_word' id='word_1_150' title='bbox 2022 1554 2090 1597; x_wconf 90' lang='lat' dir='ltr'>ita</span> 
     </span>
     <span class='ocr_line' id='line_1_20' title="bbox 221 1611 2088 1668; baseline 0 -13"><span class='ocrx_word' id='word_1_151' title='bbox 221 1611 261 1655; x_wconf 89' lang='lat' dir='ltr'>si</span> <span class='ocrx_word' id='word_1_152' title='bbox 295 1611 507 1655; x_wconf 87' lang='lat' dir='ltr'>charitas</span> <span class='ocrx_word' id='word_1_153' title='bbox 535 1621 584 1654; x_wconf 94' lang='lat' dir='ltr'>et</span> <span class='ocrx_word' id='word_1_154' title='bbox 622 1625 721 1655; x_wconf 87' lang='lat' dir='ltr'>non</span> <span class='ocrx_word' id='word_1_155' title='bbox 755 1611 877 1655; x_wconf 88' lang='lat' dir='ltr'>fides</span> <span class='ocrx_word' id='word_1_156' title='bbox 910 1620 1145 1667; x_wconf 88' lang='lat' dir='ltr'>separata,</span> <span class='ocrx_word' id='word_1_157' title='bbox 1174 1612 1307 1668; x_wconf 91' lang='lat' dir='ltr'>quod</span> <span class='ocrx_word' id='word_1_158' title='bbox 1342 1612 1548 1655; x_wconf 88' lang='lat' dir='ltr'>ecclesia</span> <span class='ocrx_word' id='word_1_159' title='bbox 1579 1612 1707 1656; x_wconf 86' lang='lat' dir='ltr'>foret</span> <span class='ocrx_word' id='word_1_160' title='bbox 1740 1627 1850 1662; x_wconf 90' lang='lat' dir='ltr'>una,</span> <span class='ocrx_word' id='word_1_161' title='bbox 1884 1622 1933 1656; x_wconf 89' lang='lat' dir='ltr'>et</span> <span class='ocrx_word' id='word_1_162' title='bbox 1966 1613 2088 1655; x_wconf 89' lang='lat' dir='ltr'>nihil</span> 
     </span>
     <span class='ocr_line' id='line_1_21' title="bbox 221 1669 2089 1727; baseline 0.001 -14"><span class='ocrx_word' id='word_1_163' title='bbox 221 1670 404 1714; x_wconf 84' lang='lat' dir='ltr'>faceret</span> <span class='ocrx_word' id='word_1_164' title='bbox 426 1671 560 1726; x_wconf 91' lang='lat' dir='ltr'>quod</span> <span class='ocrx_word' id='word_1_165' title='bbox 584 1671 747 1726; x_wconf 92' lang='lat' dir='ltr'>quoad</span> <span class='ocrx_word' id='word_1_166' title='bbox 772 1669 1066 1713; x_wconf 59' lang='lat' dir='ltr'>doctrinalia</span> <span class='ocrx_word' id='word_1_167' title='bbox 1086 1670 1200 1714; x_wconf 87' lang='lat' dir='ltr'>fidei</span> <span class='ocrx_word' id='word_1_168' title='bbox 1224 1680 1274 1714; x_wconf 94' lang='lat' dir='ltr'>et</span> <span class='ocrx_word' id='word_1_169' title='bbox 1296 1672 1460 1727; x_wconf 90' lang='lat' dir='ltr'>quoad</span> <span class='ocrx_word' id='word_1_170' title='bbox 1484 1680 1716 1715; x_wconf 86' lang='lat' dir='ltr'>externos</span> <span class='ocrx_word' id='word_1_171' title='bbox 1739 1672 1900 1715; x_wconf 92' lang='lat' dir='ltr'>cultus</span> <span class='ocrx_word' id='word_1_172' title='bbox 1924 1672 2089 1715; x_wconf 84' lang='lat' dir='ltr'>differ—</span> 
     </span>
    </p>
   </div>
   <div class='ocr_carea' id='block_1_5' title="bbox 222 1729 1356 1785">
    <p class='ocr_par' dir='ltr' id='par_1_10' title="bbox 222 1729 1356 1785">
     <span class='ocr_line' id='line_1_22' title="bbox 222 1729 1356 1785; baseline 0.001 -13"><span class='ocrx_word' id='word_1_173' title='bbox 222 1737 331 1772; x_wconf 90' lang='lat' dir='ltr'>rent</span> <span class='ocrx_word' id='word_1_174' title='bbox 355 1730 421 1784; x_wconf 90' lang='lat' dir='ltr'>(n.</span> <span class='ocrx_word' id='word_1_175' title='bbox 450 1729 572 1784; x_wconf 87' lang='lat'>1285,</span> <span class='ocrx_word' id='word_1_176' title='bbox 601 1730 724 1784; x_wconf 90' lang='lat'>1316,</span> <span class='ocrx_word' id='word_1_177' title='bbox 750 1730 877 1784; x_wconf 86' lang='lat'>2982,</span> <span class='ocrx_word' id='word_1_178' title='bbox 902 1730 1029 1785; x_wconf 92' lang='lat'>3267,</span> <span class='ocrx_word' id='word_1_179' title='bbox 1055 1740 1181 1785; x_wconf 88' lang='lat'>3445,</span> <span class='ocrx_word' id='word_1_180' title='bbox 1207 1731 1356 1785; x_wconf 87' lang='lat'>3451).</span> 
     </span>
    </p>
   </div>
   <div class='ocr_carea' id='block_1_6' title="bbox 220 1847 2088 1950">
    <p class='ocr_par' dir='ltr' id='par_1_11' title="bbox 220 1847 2088 1950">
     <span class='ocr_line' id='line_1_23' title="bbox 299 1847 2088 1950; baseline 0.001 -59"><span class='ocrx_word' id='word_1_181' title='bbox 299 1847 457 1950; x_wconf 54' lang='lat' dir='ltr'>guod</span> <span class='ocrx_word' id='word_1_182' title='bbox 495 1848 658 1892; x_wconf 88' lang='lat' dir='ltr'>omnis</span> <span class='ocrx_word' id='word_1_183' title='bbox 697 1848 903 1892; x_wconf 88' lang='lat' dir='ltr'>ecclesia</span> <span class='ocrx_word' id='word_1_184' title='bbox 941 1848 1143 1892; x_wconf 87' lang='lat' dir='ltr'>incohet</span> <span class='ocrx_word' id='word_1_185' title='bbox 1184 1862 1213 1891; x_wconf 92' lang='lat' dir='ltr'>a</span> <span class='ocrx_word' id='word_1_186' title='bbox 1254 1849 1508 1899; x_wconf 88' lang='lat' dir='ltr'>charitate,</span> <span class='ocrx_word' id='word_1_187' title='bbox 1547 1849 1633 1893; x_wconf 94' lang='lat' dir='ltr'>sed</span> <span class='ocrx_word' id='word_1_188' title='bbox 1676 1850 1810 1905; x_wconf 91' lang='lat' dir='ltr'>quod</span> <span class='ocrx_word' id='word_1_189' title='bbox 1849 1849 2088 1905; x_wconf 89' lang='lat' dir='ltr'>temporis</span> 
     </span>
     <span class='ocr_line' id='line_1_24' title="bbox 220 1915 296 1950; baseline 0 0"><span class='ocrx_word' id='word_1_190' title='bbox 220 1915 296 1950; x_wconf 89' lang='lat' dir='ltr'>tra</span> 
     </span>
    </p>
   </div>
   <div class='ocr_carea' id='block_1_7' title="bbox 313 1906 2085 2029">
    <p class='ocr_par' dir='ltr' id='par_1_12' title="bbox 313 1906 2085 2029">
     <span class='ocr_line' id='line_1_25' title="bbox 350 1906 1831 1963; baseline 0 -13"><span class='ocrx_word' id='word_1_191' title='bbox 350 1922 379 1950; x_wconf 90' lang='lat' dir='ltr'>u</span> <span class='ocrx_word' id='word_1_192' title='bbox 402 1908 464 1950; x_wconf 92' lang='lat' dir='ltr'>ab</span> <span class='ocrx_word' id='word_1_193' title='bbox 488 1907 569 1950; x_wconf 91' lang='lat' dir='ltr'>illa</span> <span class='ocrx_word' id='word_1_194' title='bbox 590 1906 819 1950; x_wconf 56' lang='lat' dir='ltr'>deflectat</span> <span class='ocrx_word' id='word_1_195' title='bbox 843 1910 908 1962; x_wconf 91' lang='lat' dir='ltr'>(n.</span> <span class='ocrx_word' id='word_1_196' title='bbox 930 1919 1030 1962; x_wconf 90' lang='lat'>494,</span> <span class='ocrx_word' id='word_1_197' title='bbox 1058 1918 1153 1962; x_wconf 88' lang='lat'>501,</span> <span class='ocrx_word' id='word_1_198' title='bbox 1183 1919 1305 1962; x_wconf 87' lang='lat'>1327,</span> <span class='ocrx_word' id='word_1_199' title='bbox 1331 1919 1456 1963; x_wconf 89' lang='lat'>3773.</span> <span class='ocrx_word' id='word_1_200' title='bbox 1479 1908 1638 1963; x_wconf 89' lang='lat'>4649[?</span> <span class='ocrx_word' id='word_1_201' title='bbox 1660 1909 1831 1962; x_wconf 89' lang='lat'>4689]).</span> 
     </span>
     <span class='ocr_line' id='line_1_26' title="bbox 313 1965 2085 2029; baseline -0.001 -20"><span class='ocrx_word' id='word_1_202' title='bbox 313 1966 375 2010; x_wconf 90' lang='lat' dir='ltr'>Et</span> <span class='ocrx_word' id='word_1_203' title='bbox 402 1966 471 2009; x_wconf 90' lang='lat' dir='ltr'>sic</span> <span class='ocrx_word' id='word_1_204' title='bbox 503 1966 565 2009; x_wconf 88' lang='lat' dir='ltr'>ad</span> <span class='ocrx_word' id='word_1_205' title='bbox 599 1965 719 2009; x_wconf 83' lang='lat' dir='ltr'>falsa</span> <span class='ocrx_word' id='word_1_206' title='bbox 744 1980 805 2009; x_wconf 89' lang='lat' dir='ltr'>ex</span> <span class='ocrx_word' id='word_1_207' title='bbox 832 1967 975 2015; x_wconf 91' lang='lat' dir='ltr'>malo,</span> <span class='ocrx_word' id='word_1_208' title='bbox 1003 1974 1053 2009; x_wconf 89' lang='lat' dir='ltr'>et</span> <span class='ocrx_word' id='word_1_209' title='bbox 1079 1967 1279 2029; x_wconf 86' lang='lat' dir='ltr'>tandem</span> <span class='ocrx_word' id='word_1_210' title='bbox 1307 1968 1367 2009; x_wconf 91' lang='lat' dir='ltr'>ad</span> <span class='ocrx_word' id='word_1_211' title='bbox 1397 1967 1524 2009; x_wconf 90' lang='lat' dir='ltr'>mala</span> <span class='ocrx_word' id='word_1_212' title='bbox 1553 1972 1617 2023; x_wconf 90' lang='lat' dir='ltr'>(n.</span> <span class='ocrx_word' id='word_1_213' title='bbox 1651 1967 1773 2021; x_wconf 88' lang='lat'>1834,</span> <span class='ocrx_word' id='word_1_214' title='bbox 1807 1966 1929 2022; x_wconf 88' lang='lat'>1835,</span> <span class='ocrx_word' id='word_1_215' title='bbox 1959 1979 2085 2022; x_wconf 88' lang='lat'>2910,</span> 
     </span>
    </p>
   </div>
   <div class='ocr_carea' id='block_1_8' title="bbox 219 2037 2086 2552">
    <p class='ocr_par' dir='ltr' id='par_1_13' title="bbox 222 2037 2086 2198">
     <span class='ocr_line' id='line_1_27' title="bbox 310 2037 2086 2140; baseline 0 -13"><span class='ocrx_word' id='word_1_216' title='bbox 310 2037 626 2140; x_wconf 50' lang='lat' dir='ltr'>{tompzratio</span> <span class='ocrx_word' id='word_1_217' title='bbox 670 2084 903 2126; x_wconf 87' lang='lat' dir='ltr'>ecclesiae</span> <span class='ocrx_word' id='word_1_218' title='bbox 947 2083 1224 2127; x_wconf 89' lang='lat' dir='ltr'>incohantis</span> <span class='ocrx_word' id='word_1_219' title='bbox 1267 2092 1317 2127; x_wconf 93' lang='lat' dir='ltr'>et</span> <span class='ocrx_word' id='word_1_220' title='bbox 1359 2083 1687 2127; x_wconf 88' lang='lat' dir='ltr'>decrescentis</span> <span class='ocrx_word' id='word_1_221' title='bbox 1725 2097 1835 2126; x_wconf 91' lang='lat' dir='ltr'>cum</span> <span class='ocrx_word' id='word_1_222' title='bbox 1870 2083 2086 2127; x_wconf 88' lang='lat' dir='ltr'>hominis</span> 
     </span>
     <span class='ocr_line' id='line_1_28' title="bbox 222 2140 1069 2198; baseline -0.001 -12"><span class='ocrx_word' id='word_1_223' title='bbox 222 2141 428 2186; x_wconf 79' lang='lat' dir='ltr'>infantia</span> <span class='ocrx_word' id='word_1_224' title='bbox 449 2151 500 2185; x_wconf 93' lang='lat' dir='ltr'>et</span> <span class='ocrx_word' id='word_1_225' title='bbox 521 2140 775 2186; x_wconf 61' lang='lat' dir='ltr'>senthute</span> <span class='ocrx_word' id='word_1_226' title='bbox 801 2144 865 2198; x_wconf 91' lang='lat' dir='ltr'>(n.</span> <span class='ocrx_word' id='word_1_227' title='bbox 894 2143 1069 2197; x_wconf 88' lang='lat'>10134).</span> 
     </span>
    </p>

    <p class='ocr_par' dir='ltr' id='par_1_14' title="bbox 313 2201 1542 2258">
     <span class='ocr_line' id='line_1_29' title="bbox 313 2201 1542 2258; baseline 0.001 -15"><span class='ocrx_word' id='word_1_228' title='bbox 313 2201 374 2244; x_wconf 82' lang='lat' dir='ltr'>Et</span> <span class='ocrx_word' id='word_1_229' title='bbox 396 2214 593 2258; x_wconf 88' lang='lat' dir='ltr'>quoque</span> <span class='ocrx_word' id='word_1_230' title='bbox 620 2214 731 2243; x_wconf 91' lang='lat' dir='ltr'>cum</span> <span class='ocrx_word' id='word_1_231' title='bbox 755 2209 868 2243; x_wconf 91' lang='lat' dir='ltr'>ortu</span> <span class='ocrx_word' id='word_1_232' title='bbox 891 2210 942 2244; x_wconf 91' lang='lat' dir='ltr'>et</span> <span class='ocrx_word' id='word_1_233' title='bbox 964 2214 1141 2244; x_wconf 88' lang='lat' dir='ltr'>occasu</span> <span class='ocrx_word' id='word_1_234' title='bbox 1163 2201 1282 2244; x_wconf 91' lang='lat' dir='ltr'>solis</span> <span class='ocrx_word' id='word_1_235' title='bbox 1304 2203 1368 2256; x_wconf 90' lang='lat' dir='ltr'>(n.</span> <span class='ocrx_word' id='word_1_236' title='bbox 1398 2201 1542 2256; x_wconf 86' lang='lat'>1837).</span> 
     </span>
    </p>

    <p class='ocr_par' dir='ltr' id='par_1_15' title="bbox 219 2259 2086 2552">
     <span class='ocr_line' id='line_1_30' title="bbox 311 2259 2083 2316; baseline -0.001 -13"><span class='ocrx_word' id='word_1_237' title='bbox 311 2260 386 2303; x_wconf 89' lang='lat' dir='ltr'>De</span> <span class='ocrx_word' id='word_1_238' title='bbox 408 2259 695 2303; x_wconf 86' lang='lat' dir='ltr'>successivis</span> <span class='ocrx_word' id='word_1_239' title='bbox 718 2259 928 2303; x_wconf 90' lang='lat' dir='ltr'>statibus</span> <span class='ocrx_word' id='word_1_240' title='bbox 950 2260 1194 2303; x_wconf 88' lang='lat' dir='ltr'>Ecclesiae</span> <span class='ocrx_word' id='word_1_241' title='bbox 1214 2259 1523 2303; x_wconf 90' lang='lat' dir='ltr'>Christianae</span> <span class='ocrx_word' id='word_1_242' title='bbox 1546 2273 1700 2316; x_wconf 90' lang='lat' dir='ltr'>usque</span> <span class='ocrx_word' id='word_1_243' title='bbox 1723 2260 1783 2302; x_wconf 88' lang='lat' dir='ltr'>ad</span> <span class='ocrx_word' id='word_1_244' title='bbox 1808 2268 2083 2302; x_wconf 90' lang='lat' dir='ltr'>extremum</span> 
     </span>
     <span class='ocr_line' id='line_1_31' title="bbox 219 2318 2084 2377; baseline -0.002 -14"><span class='ocrx_word' id='word_1_245' title='bbox 219 2320 351 2377; x_wconf 74' lang='lat' dir='ltr'>ejus:</span> <span class='ocrx_word' id='word_1_246' title='bbox 384 2318 464 2361; x_wconf 88' lang='lat' dir='ltr'>ubi</span> <span class='ocrx_word' id='word_1_247' title='bbox 490 2318 798 2374; x_wconf 87' lang='lat' dir='ltr'>explicantur</span> <span class='ocrx_word' id='word_1_248' title='bbox 815 2319 896 2362; x_wconf 91' lang='lat' dir='ltr'>illa</span> <span class='ocrx_word' id='word_1_249' title='bbox 912 2332 1038 2375; x_wconf 89' lang='lat' dir='ltr'>quae</span> <span class='ocrx_word' id='word_1_250' title='bbox 1063 2318 1306 2362; x_wconf 91' lang='lat' dir='ltr'>Dominus</span> <span class='ocrx_word' id='word_1_251' title='bbox 1330 2319 1639 2375; x_wconf 87' lang='lat' dir='ltr'>praedixerat</span> <span class='ocrx_word' id='word_1_252' title='bbox 1657 2319 1718 2361; x_wconf 94' lang='lat' dir='ltr'>de</span> <span class='ocrx_word' id='word_1_253' title='bbox 1737 2325 2084 2362; x_wconf 88' lang='lat' dir='ltr'>“consumma-</span> 
     </span>
     <span class='ocr_line' id='line_1_32' title="bbox 220 2377 2086 2433; baseline -0.001 -12"><span class='ocrx_word' id='word_1_254' title='bbox 220 2379 357 2422; x_wconf 89' lang='lat' dir='ltr'>tione</span> <span class='ocrx_word' id='word_1_255' title='bbox 379 2378 559 2421; x_wconf 89' lang='lat' dir='ltr'>saeculi</span> <span class='ocrx_word' id='word_1_256' title='bbox 578 2377 600 2391; x_wconf 90' lang='lat'><em>”</em></span> <span class='ocrx_word' id='word_1_257' title='bbox 625 2386 674 2420; x_wconf 91' lang='lat' dir='ltr'>et</span> <span class='ocrx_word' id='word_1_258' title='bbox 698 2378 759 2420; x_wconf 90' lang='lat' dir='ltr'>de</span> <span class='ocrx_word' id='word_1_259' title='bbox 783 2384 807 2398; x_wconf 89' lang='lat'><em>“</em></span> <span class='ocrx_word' id='word_1_260' title='bbox 823 2379 1041 2420; x_wconf 90' lang='lat' dir='ltr'>adventu</span> <span class='ocrx_word' id='word_1_261' title='bbox 1060 2378 1083 2391; x_wconf 90' lang='lat'>&#39;’</span> <span class='ocrx_word' id='word_1_262' title='bbox 1110 2377 1281 2432; x_wconf 82' lang='lat' dir='ltr'>Ipsius,</span> <span class='ocrx_word' id='word_1_263' title='bbox 1305 2378 1435 2433; x_wconf 91' lang='lat' dir='ltr'>apud</span> <span class='ocrx_word' id='word_1_264' title='bbox 1454 2378 1764 2420; x_wconf 70' lang='lat' dir='ltr'>Matthaeum</span> <span class='ocrx_word' id='word_1_265' title='bbox 1788 2391 1890 2433; x_wconf 91' lang='lat' dir='ltr'>cap.</span> <span class='ocrx_word' id='word_1_266' title='bbox 1909 2378 2037 2419; x_wconf 86' lang='lat' dir='ltr'>xxiv.</span> <span class='ocrx_word' id='word_1_267' title='bbox 2058 2390 2086 2419; x_wconf 91' lang='lat' dir='ltr'>a</span> 
     </span>
     <span class='ocr_line' id='line_1_33' title="bbox 220 2435 2084 2494; baseline -0.002 0"><span class='ocrx_word' id='word_1_268' title='bbox 220 2436 462 2494; x_wconf 81' lang='lat' dir='ltr'>principio</span> <span class='ocrx_word' id='word_1_269' title='bbox 493 2436 554 2479; x_wconf 81' lang='lat' dir='ltr'>ad</span> <span class='ocrx_word' id='word_1_270' title='bbox 587 2435 734 2479; x_wconf 79' lang='lat' dir='ltr'>finem</span> <span class='ocrx_word' id='word_1_271' title='bbox 769 2439 832 2491; x_wconf 84' lang='lat' dir='ltr'>(n-</span> <span class='ocrx_word' id='word_1_272' title='bbox 868 2437 1141 2491; x_wconf 79' lang='lat'>3353-3356‚</span> <span class='ocrx_word' id='word_1_273' title='bbox 1171 2437 1443 2491; x_wconf 47' lang='lat' dir='ltr'>348ff3489,</span> <span class='ocrx_word' id='word_1_274' title='bbox 1475 2437 1746 2491; x_wconf 75' lang='lat'>3650-3655‚</span> <span class='ocrx_word' id='word_1_275' title='bbox 1782 2435 2084 2491; x_wconf 51' lang='grc' dir='ltr'>ψει-375919</span> 
     </span>
     <span class='ocr_line' id='line_1_34' title="bbox 222 2495 2083 2552; baseline -0.002 0"><span class='ocrx_word' id='word_1_276' title='bbox 222 2496 366 2552; x_wconf 71' lang='grc'>37571,</span> <span class='ocrx_word' id='word_1_277' title='bbox 383 2495 655 2550; x_wconf 63' lang='grc'>3897-3991,</span> <span class='ocrx_word' id='word_1_278' title='bbox 668 2496 941 2550; x_wconf 73' lang='grc'>4957-4969,</span> <span class='ocrx_word' id='word_1_279' title='bbox 953 2507 1007 2547; x_wconf 86' lang='lat'>42</span> <span class='ocrx_word' id='word_1_280' title='bbox 1015 2507 1183 2550; x_wconf 65' lang='grc'>29-423</span> <span class='ocrx_word' id='word_1_281' title='bbox 1193 2508 1206 2537; x_wconf 90' lang='lat'>1</span> <span class='ocrx_word' id='word_1_282' title='bbox 1217 2530 1226 2545; x_wconf 85' lang='lat'><em>‚</em></span> <span class='ocrx_word' id='word_1_283' title='bbox 1239 2506 1513 2551; x_wconf 82' lang='lat'>4332-4335›</span> <span class='ocrx_word' id='word_1_284' title='bbox 1524 2507 1796 2549; x_wconf 79' lang='lat'>4422-4424‚</span> <span class='ocrx_word' id='word_1_285' title='bbox 1810 2495 2083 2549; x_wconf 66' lang='grc'>4635-4638,</span> 
     </span>
    </p>
   </div>
   <div class='ocr_carea' id='block_1_9' title="bbox 158 2553 2082 2672">
    <p class='ocr_par' dir='ltr' id='par_1_16' title="bbox 158 2553 2082 2672">
     <span class='ocr_line' id='line_1_35' title="bbox 163 2553 1953 2621; baseline 0.003 -18"><span class='ocrx_word' id='word_1_286' title='bbox 163 2600 165 2603; x_wconf 39' lang='grc'>.</span> <span class='ocrx_word' id='word_1_287' title='bbox 219 2553 495 2608; x_wconf 73' lang='grc'>4897-4810,</span> <span class='ocrx_word' id='word_1_288' title='bbox 518 2563 795 2621; x_wconf 53' lang='grc'>4954-,4959</span> <span class='ocrx_word' id='word_1_289' title='bbox 823 2554 1143 2621; x_wconf 56' lang='grc'>5993-59711,</span> <span class='ocrx_word' id='word_1_290' title='bbox 1207 2612 1214 2621; x_wconf 65' lang='grc'>,</span> <span class='ocrx_word' id='word_1_291' title='bbox 1476 2612 1484 2620; x_wconf 70' lang='grc'>,</span> <span class='ocrx_word' id='word_1_292' title='bbox 1564 2613 1572 2621; x_wconf 65' lang='grc'>,</span> <span class='ocrx_word' id='word_1_293' title='bbox 1776 2612 1784 2620; x_wconf 62' lang='lat'>,</span> <span class='ocrx_word' id='word_1_294' title='bbox 1894 2612 1902 2620; x_wconf 65' lang='grc'>,</span> <span class='ocrx_word' id='word_1_295' title='bbox 1946 2611 1953 2619; x_wconf 72' lang='grc'>,</span> 
     </span>
     <span class='ocr_line' id='line_1_36' title="bbox 158 2612 2082 2672; baseline -0.001 -16"><span class='ocrx_word' id='word_1_296' title='bbox 158 2625 163 2631; x_wconf 92' lang='grc'><em>·</em></span> <span class='ocrx_word' id='word_1_297' title='bbox 310 2612 457 2672; x_wconf 72' lang='lat' dir='ltr'>Quod</span> <span class='ocrx_word' id='word_1_298' title='bbox 485 2612 702 2656; x_wconf 79' lang='lat' dir='ltr'>Ecclesia</span> <span class='ocrx_word' id='word_1_299' title='bbox 724 2612 1006 2656; x_wconf 89' lang='lat' dir='ltr'>Chr1st1ana</span> <span class='ocrx_word' id='word_1_300' title='bbox 1027 2613 1176 2655; x_wconf 85' lang='lat' dir='ltr'>hodie</span> <span class='ocrx_word' id='word_1_301' title='bbox 1205 2626 1257 2664; x_wconf 60' lang='lat' dir='ltr'>m,</span> <span class='ocrx_word' id='word_1_302' title='bbox 1280 2620 1512 2655; x_wconf 79' lang='lat' dir='ltr'>extremis</span> <span class='ocrx_word' id='word_1_303' title='bbox 1535 2621 1610 2662; x_wconf 78' lang='lat' dir='ltr'>slt‚</span> <span class='ocrx_word' id='word_1_304' title='bbox 1635 2626 1868 2668; x_wconf 82' lang='lat' dir='ltr'>quoniam</span> <span class='ocrx_word' id='word_1_305' title='bbox 1892 2612 1956 2654; x_wconf 90' lang='lat' dir='ltr'>1b1</span> <span class='ocrx_word' id='word_1_306' title='bbox 1984 2625 2082 2654; x_wconf 91' lang='lat' dir='ltr'>non</span> 
     </span>
    </p>
   </div>
   <div class='ocr_carea' id='block_1_10' title="bbox 221 2671 2083 2788">
    <p class='ocr_par' dir='ltr' id='par_1_17' title="bbox 221 2671 2083 2788">
     <span class='ocr_line' id='line_1_37' title="bbox 221 2671 1487 2727; baseline 0 -13"><span class='ocrx_word' id='word_1_307' title='bbox 221 2671 342 2715; x_wconf 92' lang='lat' dir='ltr'>fides</span> <span class='ocrx_word' id='word_1_308' title='bbox 364 2671 479 2727; x_wconf 87' lang='lat' dir='ltr'>quia</span> <span class='ocrx_word' id='word_1_309' title='bbox 501 2671 635 2714; x_wconf 92' lang='lat' dir='ltr'>nulla</span> <span class='ocrx_word' id='word_1_310' title='bbox 655 2671 868 2726; x_wconf 86' lang='lat' dir='ltr'>charitas</span> <span class='ocrx_word' id='word_1_311' title='bbox 895 2674 959 2727; x_wconf 90' lang='lat' dir='ltr'>(n.</span> <span class='ocrx_word' id='word_1_312' title='bbox 985 2671 1111 2726; x_wconf 86' lang='lat'>3489,</span> <span class='ocrx_word' id='word_1_313' title='bbox 1135 2671 1294 2726; x_wconf 88' lang='lat'>4649[?</span> <span class='ocrx_word' id='word_1_314' title='bbox 1315 2671 1487 2726; x_wconf 90' lang='lat'>4689]).</span> 
     </span>
     <span class='ocr_line' id='line_1_38' title="bbox 310 2728 2083 2788; baseline -0.001 -16"><span class='ocrx_word' id='word_1_315' title='bbox 310 2730 456 2788; x_wconf 72' lang='lat' dir='ltr'>Quod</span> <span class='ocrx_word' id='word_1_316' title='bbox 486 2730 715 2772; x_wconf 91' lang='lat' dir='ltr'>ultimum</span> <span class='ocrx_word' id='word_1_317' title='bbox 740 2730 980 2787; x_wconf 88' lang='lat' dir='ltr'>judicium</span> <span class='ocrx_word' id='word_1_318' title='bbox 1015 2730 1079 2773; x_wconf 92' lang='lat' dir='ltr'>sit</span> <span class='ocrx_word' id='word_1_319' title='bbox 1112 2730 1341 2772; x_wconf 89' lang='lat' dir='ltr'>ultimum</span> <span class='ocrx_word' id='word_1_320' title='bbox 1369 2738 1565 2786; x_wconf 90' lang='lat' dir='ltr'>tempus</span> <span class='ocrx_word' id='word_1_321' title='bbox 1591 2729 1825 2772; x_wconf 84' lang='lat' dir='ltr'>ecclesiae</span> <span class='ocrx_word' id='word_1_322' title='bbox 1856 2730 1919 2784; x_wconf 89' lang='lat' dir='ltr'>(n.</span> <span class='ocrx_word' id='word_1_323' title='bbox 1954 2728 2083 2778; x_wconf 90' lang='lat'>2118,</span> 
     </span>
    </p>
   </div>
   <div class='ocr_carea' id='block_1_11' title="bbox 224 2789 1300 2902">
    <p class='ocr_par' dir='ltr' id='par_1_18' title="bbox 224 2789 1300 2902">
     <span class='ocr_line' id='line_1_39' title="bbox 224 2789 846 2856; baseline -0.003 -11"><span class='ocrx_word' id='word_1_324' title='bbox 224 2799 350 2845; x_wconf 73' lang='lat'>3353,</span> <span class='ocrx_word' id='word_1_325' title='bbox 373 2799 502 2844; x_wconf 70' lang='lat'>4057,</span> <span class='ocrx_word' id='word_1_326' title='bbox 525 2801 654 2856; x_wconf 77' lang='grc'>4333,</span> <span class='ocrx_word' id='word_1_327' title='bbox 677 2789 846 2855; x_wconf 56' lang='grc'>45351,</span> 
     </span>
     <span class='ocr_line' id='line_1_40' title="bbox 311 2847 1300 2902; baseline 0 -12"><span class='ocrx_word' id='word_1_328' title='bbox 311 2848 386 2891; x_wconf 85' lang='grc' dir='ltr'>Ι)6</span> <span class='ocrx_word' id='word_1_329' title='bbox 411 2849 646 2891; x_wconf 73' lang='grc'>600163136</span> <span class='ocrx_word' id='word_1_330' title='bbox 669 2856 948 2890; x_wconf 80' lang='lat' dir='ltr'>vastatione</span> <span class='ocrx_word' id='word_1_331' title='bbox 974 2849 1038 2902; x_wconf 91' lang='lat' dir='ltr'>(n.</span> <span class='ocrx_word' id='word_1_332' title='bbox 1061 2858 1229 2900; x_wconf 93' lang='lat'>407-41</span> <span class='ocrx_word' id='word_1_333' title='bbox 1245 2847 1300 2901; x_wconf 91' lang='lat'>1).</span> 
     </span>
    </p>
   </div>
   <div class='ocr_carea' id='block_1_12' title="bbox 309 2904 2083 2964">
    <p class='ocr_par' dir='ltr' id='par_1_19' title="bbox 309 2904 2083 2964">
     <span class='ocr_line' id='line_1_41' title="bbox 309 2904 2083 2964; baseline -0.002 -15"><span class='ocrx_word' id='word_1_334' title='bbox 309 2905 457 2964; x_wconf 74' lang='lat' dir='ltr'>Quod</span> <span class='ocrx_word' id='word_1_335' title='bbox 480 2907 843 2949; x_wconf 88' lang='lat' dir='ltr'>consummatio</span> <span class='ocrx_word' id='word_1_336' title='bbox 861 2907 1040 2949; x_wconf 89' lang='lat' dir='ltr'>saeculi</span> <span class='ocrx_word' id='word_1_337' title='bbox 1064 2915 1112 2949; x_wconf 86' lang='lat' dir='ltr'>et</span> <span class='ocrx_word' id='word_1_338' title='bbox 1134 2907 1375 2948; x_wconf 89' lang='lat' dir='ltr'>adventus</span> <span class='ocrx_word' id='word_1_339' title='bbox 1401 2905 1601 2948; x_wconf 88' lang='lat' dir='ltr'>Domini</span> <span class='ocrx_word' id='word_1_340' title='bbox 1626 2905 1688 2948; x_wconf 91' lang='lat' dir='ltr'>sit</span> <span class='ocrx_word' id='word_1_341' title='bbox 1711 2904 1938 2947; x_wconf 89' lang='lat' dir='ltr'>ultimum</span> <span class='ocrx_word' id='word_1_342' title='bbox 1958 2913 2083 2947; x_wconf 88' lang='lat' dir='ltr'>tem-</span> 
     </span>
    </p>
   </div>
   <div class='ocr_carea' id='block_1_13' title="bbox 221 2964 2083 3081">
    <p class='ocr_par' dir='ltr' id='par_1_20' title="bbox 221 2964 2083 3081">
     <span class='ocr_line' id='line_1_42' title="bbox 221 2964 1848 3022; baseline -0.001 -14"><span class='ocrx_word' id='word_1_343' title='bbox 221 2979 312 3022; x_wconf 91' lang='lat' dir='ltr'>pus</span> <span class='ocrx_word' id='word_1_344' title='bbox 334 2965 566 3008; x_wconf 89' lang='lat' dir='ltr'>ecclesiae</span> <span class='ocrx_word' id='word_1_345' title='bbox 588 2965 768 3008; x_wconf 88' lang='lat' dir='ltr'>veteris</span> <span class='ocrx_word' id='word_1_346' title='bbox 790 2973 840 3008; x_wconf 94' lang='lat' dir='ltr'>et</span> <span class='ocrx_word' id='word_1_347' title='bbox 863 2965 1073 3021; x_wconf 90' lang='lat' dir='ltr'>primum</span> <span class='ocrx_word' id='word_1_348' title='bbox 1098 2978 1253 3007; x_wconf 87' lang='lat' dir='ltr'>novae</span> <span class='ocrx_word' id='word_1_349' title='bbox 1280 2966 1344 3017; x_wconf 89' lang='lat' dir='ltr'>(n.</span> <span class='ocrx_word' id='word_1_350' title='bbox 1369 2976 1495 3018; x_wconf 89' lang='lat'>2243,</span> <span class='ocrx_word' id='word_1_351' title='bbox 1518 2974 1645 3018; x_wconf 92' lang='lat'>4535,</span> <span class='ocrx_word' id='word_1_352' title='bbox 1676 2964 1848 3017; x_wconf 90' lang='lat'>10622).</span> 
     </span>
     <span class='ocr_line' id='line_1_43' title="bbox 310 3021 2083 3081; baseline -0.002 -14"><span class='ocrx_word' id='word_1_353' title='bbox 310 3023 457 3081; x_wconf 74' lang='lat' dir='ltr'>Quod</span> <span class='ocrx_word' id='word_1_354' title='bbox 482 3024 716 3067; x_wconf 89' lang='lat' dir='ltr'>interiora</span> <span class='ocrx_word' id='word_1_355' title='bbox 731 3038 847 3067; x_wconf 91' lang='lat' dir='ltr'>vera</span> <span class='ocrx_word' id='word_1_356' title='bbox 865 3025 1143 3067; x_wconf 91' lang='lat' dir='ltr'>revelentur</span> <span class='ocrx_word' id='word_1_357' title='bbox 1163 3037 1275 3066; x_wconf 90' lang='lat' dir='ltr'>cum</span> <span class='ocrx_word' id='word_1_358' title='bbox 1299 3023 1504 3065; x_wconf 88' lang='lat' dir='ltr'>ecclesia</span> <span class='ocrx_word' id='word_1_359' title='bbox 1522 3031 1662 3065; x_wconf 92' lang='lat' dir='ltr'>vetus</span> <span class='ocrx_word' id='word_1_360' title='bbox 1679 3030 1911 3070; x_wconf 88' lang='lat' dir='ltr'>vastatur,</span> <span class='ocrx_word' id='word_1_361' title='bbox 1932 3021 2083 3064; x_wconf 90' lang='lat' dir='ltr'>inser-</span> 
     </span>
    </p>
   </div>
   <div class='ocr_carea' id='block_1_14' title="bbox 219 3081 2081 3197">
    <p class='ocr_par' dir='ltr' id='par_1_21' title="bbox 219 3081 2081 3197">
     <span class='ocr_line' id='line_1_44' title="bbox 219 3081 1583 3138; baseline -0.003 -12"><span class='ocrx_word' id='word_1_362' title='bbox 219 3082 382 3126; x_wconf 89' lang='lat' dir='ltr'>vitura</span> <span class='ocrx_word' id='word_1_363' title='bbox 405 3095 561 3125; x_wconf 92' lang='lat' dir='ltr'>novae</span> <span class='ocrx_word' id='word_1_364' title='bbox 584 3096 708 3138; x_wconf 91' lang='lat' dir='ltr'>quae</span> <span class='ocrx_word' id='word_1_365' title='bbox 729 3091 849 3125; x_wconf 93' lang='lat' dir='ltr'>tunc</span> <span class='ocrx_word' id='word_1_366' title='bbox 873 3083 1175 3125; x_wconf 90' lang='lat' dir='ltr'>instauratur</span> <span class='ocrx_word' id='word_1_367' title='bbox 1201 3084 1263 3135; x_wconf 91' lang='lat' dir='ltr'>(n.</span> <span class='ocrx_word' id='word_1_368' title='bbox 1285 3081 1410 3136; x_wconf 88' lang='lat'>3398,</span> <span class='ocrx_word' id='word_1_369' title='bbox 1435 3081 1583 3136; x_wconf 88' lang='lat'>3786).</span> 
     </span>
     <span class='ocr_line' id='line_1_45' title="bbox 312 3138 2081 3197; baseline -0.002 -13"><span class='ocrx_word' id='word_1_370' title='bbox 312 3141 386 3184; x_wconf 89' lang='lat' dir='ltr'>De</span> <span class='ocrx_word' id='word_1_371' title='bbox 409 3141 764 3184; x_wconf 88' lang='lat' dir='ltr'>instauratione</span> <span class='ocrx_word' id='word_1_372' title='bbox 787 3142 1021 3184; x_wconf 90' lang='lat' dir='ltr'>ecclesiae</span> <span class='ocrx_word' id='word_1_373' title='bbox 1044 3141 1174 3197; x_wconf 90' lang='lat' dir='ltr'>apud</span> <span class='ocrx_word' id='word_1_374' title='bbox 1197 3148 1370 3196; x_wconf 88' lang='lat' dir='ltr'>gentes</span> <span class='ocrx_word' id='word_1_375' title='bbox 1397 3142 1460 3194; x_wconf 90' lang='lat' dir='ltr'>(n.</span> <span class='ocrx_word' id='word_1_376' title='bbox 1490 3139 1612 3194; x_wconf 88' lang='lat'>1366,</span> <span class='ocrx_word' id='word_1_377' title='bbox 1639 3138 1764 3193; x_wconf 91' lang='lat'>2986,</span> <span class='ocrx_word' id='word_1_378' title='bbox 1783 3148 1910 3191; x_wconf 89' lang='lat'>4747,</span> <span class='ocrx_word' id='word_1_379' title='bbox 1930 3138 2081 3194; x_wconf 88' lang='lat'>9256).</span> 
     </span>
    </p>
   </div>
   <div class='ocr_carea' id='block_1_15' title="bbox 220 3311 988 3368">
    <p class='ocr_par' dir='ltr' id='par_1_22' title="bbox 220 3311 988 3368">
     <span class='ocr_line' id='line_1_46' title="bbox 220 3311 988 3368; baseline -0.004 -11"><span class='ocrx_word' id='word_1_380' title='bbox 220 3319 357 3368; x_wconf 82' lang='lat'>247·</span> <span class='ocrx_word' id='word_1_381' title='bbox 400 3311 476 3354; x_wconf 87' lang='lat' dir='ltr'>De</span> <span class='ocrx_word' id='word_1_382' title='bbox 498 3311 721 3354; x_wconf 83' lang='lat' dir='ltr'>Ecclesiis</span> <span class='ocrx_word' id='word_1_383' title='bbox 741 3312 787 3354; x_wconf 89' lang='grc' dir='ltr'><em>Α</em></span> <span class='ocrx_word' id='word_1_384' title='bbox 791 3313 988 3366; x_wconf 77' lang='lat' dir='ltr'>uliquis.</span> 
     </span>
    </p>
   </div>
   <div class='ocr_carea' id='block_1_16' title="bbox 220 3408 2081 3758">
    <p class='ocr_par' dir='ltr' id='par_1_23' title="bbox 220 3408 2081 3652">
     <span class='ocr_line' id='line_1_47' title="bbox 310 3408 2080 3468; baseline -0.001 -14"><span class='ocrx_word' id='word_1_385' title='bbox 310 3410 456 3468; x_wconf 74' lang='lat' dir='ltr'>Quod</span> <span class='ocrx_word' id='word_1_386' title='bbox 486 3411 651 3455; x_wconf 90' lang='lat' dir='ltr'>Prima</span> <span class='ocrx_word' id='word_1_387' title='bbox 676 3419 726 3454; x_wconf 92' lang='lat' dir='ltr'>et</span> <span class='ocrx_word' id='word_1_388' title='bbox 748 3411 1108 3467; x_wconf 90' lang='lat' dir='ltr'>Antiquissima</span> <span class='ocrx_word' id='word_1_389' title='bbox 1132 3409 1349 3453; x_wconf 89' lang='lat' dir='ltr'>Ecclesia</span> <span class='ocrx_word' id='word_1_390' title='bbox 1376 3409 1423 3451; x_wconf 92' lang='lat' dir='ltr'>in</span> <span class='ocrx_word' id='word_1_391' title='bbox 1451 3409 1542 3452; x_wconf 92' lang='lat' dir='ltr'>hac</span> <span class='ocrx_word' id='word_1_392' title='bbox 1568 3409 1742 3451; x_wconf 90' lang='lat' dir='ltr'>tellure</span> <span class='ocrx_word' id='word_1_393' title='bbox 1770 3408 1928 3457; x_wconf 84' lang='lat' dir='ltr'>fuerit,</span> <span class='ocrx_word' id='word_1_394' title='bbox 1953 3422 2080 3464; x_wconf 89' lang='lat' dir='ltr'>quae</span> 
     </span>
     <span class='ocr_line' id='line_1_48' title="bbox 220 3466 2081 3526; baseline -0.001 -14"><span class='ocrx_word' id='word_1_395' title='bbox 220 3469 514 3512; x_wconf 88' lang='lat' dir='ltr'>describitur</span> <span class='ocrx_word' id='word_1_396' title='bbox 541 3469 588 3511; x_wconf 93' lang='lat' dir='ltr'>in</span> <span class='ocrx_word' id='word_1_397' title='bbox 623 3469 791 3526; x_wconf 91' lang='lat' dir='ltr'>primis</span> <span class='ocrx_word' id='word_1_398' title='bbox 823 3469 1065 3525; x_wconf 89' lang='lat' dir='ltr'>capitibus</span> <span class='ocrx_word' id='word_1_399' title='bbox 1096 3469 1322 3516; x_wconf 74' lang='lat' dir='ltr'>GeneseOS,</span> <span class='ocrx_word' id='word_1_400' title='bbox 1346 3476 1395 3510; x_wconf 94' lang='lat' dir='ltr'>et</span> <span class='ocrx_word' id='word_1_401' title='bbox 1427 3468 1560 3524; x_wconf 90' lang='lat' dir='ltr'>quod</span> <span class='ocrx_word' id='word_1_402' title='bbox 1594 3467 1676 3509; x_wconf 92' lang='lat' dir='ltr'>illa</span> <span class='ocrx_word' id='word_1_403' title='bbox 1702 3466 1848 3509; x_wconf 86' lang='lat' dir='ltr'>fuerit</span> <span class='ocrx_word' id='word_1_404' title='bbox 1874 3468 2081 3510; x_wconf 87' lang='lat' dir='ltr'>ecclesia</span> 
     </span>
     <span class='ocr_line' id='line_1_49' title="bbox 220 3525 2078 3584; baseline -0.002 -14"><span class='ocrx_word' id='word_1_405' title='bbox 220 3528 457 3577; x_wconf 89' lang='lat' dir='ltr'>caelestis,</span> <span class='ocrx_word' id='word_1_406' title='bbox 485 3528 705 3570; x_wconf 91' lang='lat' dir='ltr'>omnium</span> <span class='ocrx_word' id='word_1_407' title='bbox 733 3528 993 3584; x_wconf 87' lang='lat' dir='ltr'>praecipua</span> <span class='ocrx_word' id='word_1_408' title='bbox 1028 3529 1091 3582; x_wconf 89' lang='lat' dir='ltr'>(n.</span> <span class='ocrx_word' id='word_1_409' title='bbox 1125 3527 1223 3579; x_wconf 91' lang='lat'>607,</span> <span class='ocrx_word' id='word_1_410' title='bbox 1253 3527 1350 3581; x_wconf 88' lang='lat'>895,</span> <span class='ocrx_word' id='word_1_411' title='bbox 1377 3538 1475 3580; x_wconf 91' lang='lat'>920,</span> <span class='ocrx_word' id='word_1_412' title='bbox 1506 3537 1773 3578; x_wconf 89' lang='lat'>1121—1124,</span> <span class='ocrx_word' id='word_1_413' title='bbox 1799 3525 1924 3580; x_wconf 87' lang='lat'>2896,</span> <span class='ocrx_word' id='word_1_414' title='bbox 1947 3537 2078 3580; x_wconf 88' lang='lat'>4493,</span> 
     </span>
     <span class='ocr_line' id='line_1_50' title="bbox 220 3585 696 3652; baseline 0 -11"><span class='ocrx_word' id='word_1_415' title='bbox 220 3585 348 3641; x_wconf 64' lang='lat'>8891»</span> <span class='ocrx_word' id='word_1_416' title='bbox 372 3587 696 3652; x_wconf 61' lang='lat'>9942.,10,545)·</span> 
     </span>
    </p>

    <p class='ocr_par' dir='ltr' id='par_1_24' title="bbox 357 3643 1400 3758">
     <span class='ocr_line' id='line_1_51' title="bbox 357 3643 1361 3699; baseline -0.002 -13"><span class='ocrx_word' id='word_1_417' title='bbox 357 3644 490 3687; x_wconf 91' lang='lat' dir='ltr'>uales</span> <span class='ocrx_word' id='word_1_418' title='bbox 514 3645 580 3686; x_wconf 85' lang='lat'>1111</span> <span class='ocrx_word' id='word_1_419' title='bbox 604 3652 718 3687; x_wconf 90' lang='lat' dir='ltr'>sunt</span> <span class='ocrx_word' id='word_1_420' title='bbox 742 3643 790 3686; x_wconf 93' lang='lat' dir='ltr'>in</span> <span class='ocrx_word' id='word_1_421' title='bbox 813 3644 949 3687; x_wconf 90' lang='lat' dir='ltr'>caelo</span> <span class='ocrx_word' id='word_1_422' title='bbox 975 3645 1039 3699; x_wconf 89' lang='lat' dir='ltr'>(n.</span> <span class='ocrx_word' id='word_1_423' title='bbox 1068 3643 1361 3697; x_wconf 84' lang='lat'>1114—1125).</span> 
     </span>
     <span class='ocr_line' id='line_1_52' title="bbox 357 3699 1400 3758; baseline 0 -14"><span class='ocrx_word' id='word_1_424' title='bbox 357 3702 454 3746; x_wconf 90' lang='lat' dir='ltr'>uod</span> <span class='ocrx_word' id='word_1_425' title='bbox 480 3703 528 3745; x_wconf 89' lang='lat' dir='ltr'>in</span> <span class='ocrx_word' id='word_1_426' title='bbox 551 3716 743 3746; x_wconf 87' lang='lat' dir='ltr'>summa</span> <span class='ocrx_word' id='word_1_427' title='bbox 763 3699 871 3746; x_wconf 84' lang='lat' dir='ltr'>luce</span> <span class='ocrx_word' id='word_1_428' title='bbox 894 3703 993 3746; x_wconf 90' lang='lat' dir='ltr'>sint</span> <span class='ocrx_word' id='word_1_429' title='bbox 1019 3704 1083 3758; x_wconf 88' lang='lat' dir='ltr'>(n.</span> <span class='ocrx_word' id='word_1_430' title='bbox 1113 3702 1234 3751; x_wconf 91' lang='lat'>1116,</span> <span class='ocrx_word' id='word_1_431' title='bbox 1256 3701 1400 3754; x_wconf 88' lang='lat'>1117).</span> 
     </span>
    </p>
   </div>
  </div>
 </body>
</html>
