2496 4250
365 414 491 466 lviii.
703 427 1037 466 SAPIENTIA
1077 428 1397 467 ANGELICA
1438 428 1519 467 DE
1559 428 1883 491 CONJU-Gio.

498 566 718 618 Quomodo
742 566 784 606 fit
809 566 986 605 influxus
1011 567 1182 605 Domini
1205 566 1249 606 in
1272 566 1451 606 animam
1475 567 1671 616 hominis,
1695 574 1735 608 et
1764 568 1916 607 abinde
1944 568 1989 608 in
2016 569 2223 621 superiora

579 630 740 678 mentis,
766 637 805 670 et
832 643 905 682 per
927 631 1029 669 haec
1058 630 1145 684 [in]
1174 631 1365 670 inferiora
1394 631 1554 680 mentis,
1579 638 1619 671 et
1641 631 1738 671 inde
1767 631 1810 670 in
1841 644 1998 685 corpus,
2024 639 2064 672 et
2085 632 2221 672 [¹1facit

580 700 784 742 conatum,
805 694 875 746 qui
894 693 992 733 data
1012 693 1130 746 copia
1153 694 1196 733 fit
1215 694 1329 734 aetus
1353 693 1539 749 (illustr.,
1561 708 1600 736 n.
1619 695 1707 749 57).

499 789 566 828 De
595 788 753 828 influxu
782 789 932 828 amoris
962 789 1203 841 conjugialis
1233 790 1277 828 in
1305 790 1461 839 intima,
1487 796 1527 830 et
1555 790 1653 830 inde
1681 790 1724 830 in
1753 790 1966 843 sequentia
1994 789 2139 831 ordine
2167 790 2222 830 ad

578 853 722 892 ultima
744 853 855 907 (vide
874 853 999 894 Amor
1022 853 1295 908 Conjuyl'all's)
1321 854 1380 909 (n.
1398 853 1480 907 58).

496 949 619 1001 Quod
634 962 718 987 non
732 949 782 988 sit
797 949 941 1001 aliquis
958 949 1178 988 descensus
1192 962 1264 988 seu
1279 949 1457 989 influxus
1478 963 1502 988 a
1516 950 1705 998 cerebris,
1722 962 1793 989 seu
1809 960 1834 989 a
1849 949 1981 1002 capite
1996 949 2039 989 in
2054 961 2198 1002 corpus
2207 980 2219 999 ,

575 1012 672 1064 quia
689 1025 806 1051 mens
826 1012 1004 1052 hominis
1024 1019 1085 1052 est
1105 1013 1190 1065 ejus
1211 1013 1386 1065 spiritus,
1408 1012 1478 1066 qui
1499 1020 1558 1052 est
1581 1011 1786 1066 perfectus
1805 1013 1944 1061 homo,
1965 1020 2005 1054 et
2028 1021 2088 1054 est
2111 1013 2221 1054 intus

574 1075 707 1114 ubivis
731 1075 913 1127 corpori3
945 1075 1002 1115 ita
1029 1076 1142 1128 quod
1171 1076 1391 1116 descensus
1421 1083 1461 1117 et
1488 1076 1665 1116 influxus
1696 1077 1884 1116 dicantur
1908 1089 1959 1116 ex
1983 1077 2222 1130 apparentia

577 1139 637 1194 (n.
655 1139 721 1186 60,
737 1139 782 1178 61
803 1145 875 1187 [De
888 1147 973 1178 Am.
998 1146 1110 1187 Conj.,
1128 1157 1161 1180 n.
1178 1141 1287 1194 315]).

493 1235 617 1287 Quod
637 1247 752 1274 mens
772 1248 843 1274 seu
867 1235 1028 1288 spiritus
1051 1236 1231 1275 hominis
1255 1242 1349 1288 agat
1371 1236 1415 1275 in
1435 1235 1603 1276 instanti
1626 1235 1670 1275 in
1693 1248 1865 1290 corpus3
1897 1243 1936 1275 et
1960 1235 2073 1289 quod
2094 1235 2219 1277 simul

574 1305 680 1350 agat,
705 1305 744 1338 et
763 1311 847 1338 non
869 1299 1108 1348 successive,
1130 1300 1226 1353 quia
1250 1300 1456 1352 spirituale
1477 1313 1562 1339 non
1586 1306 1646 1339 est
1665 1299 1708 1338 in
1732 1300 1846 1348 loco;
1878 1306 1918 1339 et
1942 1298 2053 1353 quod
2075 1298 2218 1352 reeipi-

573 1368 662 1401 atur
680 1375 706 1401 a
722 1362 922 1402 materiali
944 1363 1122 1415 corporis
1140 1376 1225 1402 non
1245 1363 1287 1402 in
1310 1363 1488 1412 instanti,
1509 1363 1582 1402 sed
1602 1363 1645 1402 in
1663 1370 1872 1402 momento
1895 1363 1953 1417 (n.
1972 1362 2039 1412 60,
2059 1361 2140 1419 61).

492 1458 616 1509 Quod
645 1464 724 1497 tres
751 1457 901 1510 gradus
920 1458 1000 1498 sint
1022 1458 1065 1497 in
1086 1467 1239 1507 mente,
1261 1459 1332 1512 qui
1355 1458 1486 1498 induti
1509 1458 1785 1498 materialibus
1810 1458 1851 1498 in
1876 1471 2044 1511 corpore
2069 1457 2130 1514 (n.
2148 1457 2216 1508 60,

573 1521 646 1572 61).

491 1618 615 1669 Quod
635 1630 759 1656 nemo
778 1618 905 1670 possit
925 1629 1061 1656 amare
1087 1617 1315 1656 Dominum
1333 1631 1356 1656 a
1376 1630 1434 1666 se,
1454 1617 1527 1657 sed
1550 1631 1576 1657 a
1596 1618 1792 1666 Domino,
1814 1624 1854 1658 et
1876 1618 1955 1658 hoc
1975 1618 2078 1659 sicut
2099 1631 2125 1657 a
2142 1630 2214 1667 se3

571 1681 812 1720 illustratum
828 1696 838 1720 z
869 1688 956 1720 tum
975 1694 1047 1733 per
1066 1681 1178 1732 leges
1200 1681 1377 1720 influxus
1401 1681 1468 1735 (de
1486 1682 1646 1734 quibus,
1667 1695 1709 1722 n.
1727 1680 1798 1736 70)
1815 1697 1828 1731 ;

489 1745 710 1797 Quomodo
729 1745 808 1783 hoc
824 1745 867 1784 fit
891 1743 1003 1800 (vide
1023 1745 1142 1786 Mens
1161 1751 1202 1784 et
1222 1744 1466 1797 Conversio)
1487 1745 1547 1800 (n.
1564 1745 1642 1800 71).

491 1841 557 1880 De
577 1840 810 1880 discrimine
831 1841 934 1880 inter
953 1840 1142 1880 homines
1166 1846 1205 1880 et
1223 1839 1389 1889 bestias,
1409 1853 1461 1879 ex
1481 1840 1639 1879 influxu
1659 1846 1700 1880 et
1719 1841 1806 1893 ejus
1824 1840 2058 1893 receptione
2081 1841 2214 1896 (illus-

569 1910 743 1952 tratum,
765 1917 806 1943 n.
824 1912 873 1955 75
897 1910 969 1951 [De
982 1911 1068 1942 Am.
1087 1910 1201 1950 Conj.‚
1218 1921 1251 1942 n.
1272 1903 1380 1957 134])·

351 2031 607 2073 Intellectus.
658 2030 882 2135 }——Quod
910 2043 1025 2069 amor
1048 2029 1170 2069 faciat
1193 2028 1270 2068 sibi
1294 2029 1548 2081 sapientiam,
1569 2028 1893 2081 intelligentiam,
1917 2036 1956 2069 et
1985 2029 2210 2076 scientiam,

351 2085 641 2141 lnielll'yesst‘l'ss-
737 2100 781 2133 ut
800 2093 946 2133 existat
967 2092 1156 2148 (illustr.‚
1172 2107 1212 2133 n.
1232 2092 1311 2147 12).
1373 2093 1389 2147 (
1405 2094 1503 2132 Vide
1523 2091 1680 2147 Amor.)

487 2189 612 2242 Quod
632 2190 764 2229 omnis
783 2203 899 2229 amor
918 2196 959 2230 et
978 2189 1110 2229 omnis
1131 2188 1343 2242 sapientia,
1360 2202 1432 2228 seu
1453 2202 1575 2228 omne
1595 2189 1749 2228 bonum
1770 2194 1810 2228 et
1829 2201 1986 2237 verum,
2005 2188 2057 2229 sit
2079 2201 2104 2228 a
2127 2189 2213 2229 Do·

567 2254 680 2293 mino
703 2254 762 2309 (n.
785 2264 837 2305 33
860 2259 931 2301 [De
945 2261 1030 2292 Am.
1049 2259 1163 2300 Conj.‚
1180 2270 1213 2292 n.
1233 2253 1321 2308 84]).

485 2351 551 2390 De
573 2350 783 2402 reciproca
801 2349 954 2389 unione
974 2349 1123 2389 amoris
1144 2356 1183 2389 et
1202 2349 1438 2402 sapientiae.
1462 2362 1533 2389 seu
1558 2349 1655 2388 boni
1680 2355 1719 2389 et
1742 2348 1828 2388 veri
1855 2348 1969 2402 (vide
1989 2347 2128 2400 Amor)
2150 2348 2211 2403 (n.

566 2413 702 2465 36-38
723 2419 795 2461 [De
808 2421 894 2453 Am.
912 2420 1027 2460 Conj.,
1043 2430 1077 2452 n.
1095 2413 1178 2466 89]).

486 2510 610 2564 Quod
629 2510 728 2549 unio
747 2509 818 2549 illa
831 2510 939 2562 apud
958 2509 1169 2550 hominem
1191 2509 1240 2549 sit
1260 2523 1284 2548 a
1304 2509 1486 2548 Domino
1505 2510 1616 2562 (vide
1636 2508 1777 2563 Amor)
1803 2508 1862 2564 (n.
1879 2520 1947 2561 39,
1963 2520 2019 2558 40
2037 2514 2110 2557 [De
2123 2517 2209 2548 Am.

573 2580 688 2620 Conj.,
705 2591 738 2612 n.
756 2575 841 2624 92]).

429 2653 434 2658 ’
485 2669 739 2709 Describitur
761 2669 892 2722 qualis
915 2669 1103 2708 voluntas
1132 2675 1172 2708 et
1195 2666 1426 2708 intellecstus
1450 2674 1543 2708 sunt
1566 2667 1675 2720 apud
1699 2667 1847 2714 virum,
1873 2673 1913 2705 et
1935 2667 2068 2720 qualis
2095 2667 2206 2720 apud

566 2732 776 2780 feminam,
791 2739 884 2772 ante
905 2732 1141 2785 conjugium
1161 2737 1201 2771 et
1219 2738 1311 2784 post
1330 2731 1433 2770 illud
1457 2732 1516 2784 (n.
1540 2739 1593 2782 54
1616 2737 1688 2779 [De
1702 2738 1786 2768 Am.
1806 2737 1920 2776 Cous„
1937 2747 1970 2768 n.
1987 2728 2078 2784 90]).

486 2829 552 2868 De
573 2826 839 2868 intelled'tuali
855 2840 1057 2880 supremo,
1072 2827 1280 2879 superiori,
1297 2833 1338 2867 et
1355 2826 1534 2866 inferiori
1555 2826 1663 2878 apud
1682 2825 1906 2874 hominem,
1923 2832 1962 2865 et
1983 2825 2033 2864 de
2054 2824 2211 2864 influxu

567 2892 653 2945 ejus
673 2891 900 2931 successive
923 2890 1035 2946 (vide
1055 2889 1260 2946 Ιηέἵιικιιε)
1285 2889 1346 2945 (n.
1362 2889 1451 2945 57).

485 2989 610 3043 Quod
630 3002 751 3028 omne
772 3001 899 3028 unum
917 2989 957 3027 in
977 2987 1191 3028 intellectu
1213 2987 1404 3027 consistat
1419 2999 1470 3026 ex
1484 2986 1736 3039 myriadibus
1759 2985 1818 3041 (n.
1837 2985 1889 3026 68
1905 2990 1977 3034 [De
1991 2992 2075 3023 Am.
2093 2990 2209 3031 comt,

567 3062 601 3083 n.
641 3062 658 3082 2
720 3075 730 3084 ι

486 3044 714 3162 (21.1οωίΞέ
732 3106 992 3160 conjungitur
1013 3106 1214 3159 sapientia
1241 3104 1474 3146 inteuedtus
1494 3118 1588 3145 cum
1618 3117 1754 3145 amore
1774 3102 1994 3144 voluntatis
2024 3103 2210 3158 (illustr.,

567 3185 609 3212 n.
633 3180 682 3224 75
690 3171 779 3225 fin.
795 3176 867 3219 [De
881 3178 965 3208 Am.
985 3176 1099 3216 conj„
1117 3187 1150 3208 n.
1168 3187 1223 3218 92,
1238 3167 1328 3224 93]).

350 3433 739 3485 Malum—Fugere
759 3431 870 3471 mala
889 3437 934 3470 ut
953 3436 1121 3483 peccata
1140 3431 1249 3483 (vide
1267 3427 1547 3484 Paenitenfflx)
1575 3427 1660 3484 [(n.
1679 3427 1787 3482 73)].

349 3549 754 3602 masculus.-Quid
775 3549 1045 3590 mascunnum
1066 3555 1105 3588 et
1125 3548 1366 3587 femininum
1386 3547 1494 3600 (vide
1508 3544 1699 3601 Femina)
1727 3546 1787 3599 (n.
1804 3545 1830 3585 6
1850 3550 1922 3594 [De
1934 3553 2018 3584 Am.
2043 3551 2156 3591 conse,
2171 3531 2221 3583 μ’,

565 3631 619 3661 9ο,
634 3613 719 3662 91])·

488 3717 611 3770 Quod
633 3714 728 3756 inde
745 3716 794 3756 sit
810 3716 919 3769 quod
938 3716 1139 3755 masculus
1155 3721 1342 3755 nascatur
1353 3721 1396 3754 ut
1411 3713 1479 3753 fiat
1496 3711 1782 3753 intelleetualis
1803 3726 1815 3760 ;
1846 3717 1886 3751 et
1905 3711 2015 3764 quod
2037 3710 2087 3750 sit
2105 3709 2208 3750 alius
