2496 4250
955 423 1039 464 DE
1077 422 1463 463 CHARITATE.
2070 424 2136 478 39

273 561 392 617 [12]
442 560 637 604 ebat-nas
656 561 774 616 apud
790 561 966 603 Mauras.

375 667 596 718 Nautae
625 668 796 718 etiam
823 665 961 718 fiunt
990 667 1295 719 charitates
1335 669 1379 718 si
1418 667 1679 734 spectant
1719 668 1790 719 ad
1831 667 2137 719 Dominum

266 753 325 797 et
351 745 568 812 fugiunt
597 745 744 796 mala
770 753 830 796 ut
870 755 1122 811 peccata,
1153 747 1284 797 dum
1311 747 1518 798 faciunt
1547 764 1687 813 opus
1715 764 1874 798 suum
1902 748 2134 808 sincere,

259 823 410 890 juste
448 833 506 875 et
546 824 820 887 fideliter;
862 841 991 874 nam
1020 825 1152 874 dum
1179 825 1396 891 fugiunt
1432 825 1580 876 mala
1618 834 1677 876 ut
1718 835 1969 891 peccata,
1998 832 2135 876 tune

266 902 484 969 fugiunt
512 901 813 962 diabolum,
842 903 970 968 quia
996 902 1250 953 diabolus
1278 912 1365 954 est
1402 905 1580 969 ipsum
1609 903 1817 954 malurn
1844 922 1855 967 ;
1896 912 1954 955 et
2000 911 2134 955 tunc

265 988 636 1046 acceptantur
661 997 694 1030 a
722 980 966 1031 Domino
989 998 999 1043 ;
1041 988 1098 1031 et
1126 981 1275 1031 bona
1302 999 1443 1047 quae
1472 990 1604 1032 tunc
1632 982 1857 1042 faciunt,
1882 999 1914 1032 a
1938 982 2134 1032 Domi-

253 1075 340 1109 .no
367 1058 574 1110 faciunt
600 1075 611 1122 3
651 1067 708 1109 et
737 1059 885 1109 bona
912 1075 1024 1109 non
1052 1058 1214 1110 aliter
1237 1061 1499 1110 continue
1521 1060 1729 1111 faciunt
1758 1076 1924 1126 quam
1952 1061 2005 1110 in
2034 1077 2135 1110 suo

264 1154 434 1203 opere
457 1137 605 1204 quod
628 1138 705 1188 eis
727 1134 1032 1202 injunctum
1052 1145 1155 1198 est,
1177 1138 1327 1204 quod
1349 1147 1435 1189 est
1458 1139 1759 1189 nauticum.
1819 1137 1975 1204 Opus
1998 1137 2134 1188 illud

264 1224 352 1267 est
370 1216 578 1267 bonum
597 1232 751 1281 opuS,
776 1216 903 1282 quia
924 1224 1011 1266 est
1029 1217 1237 1266 bonum
1257 1234 1384 1267 usus
1407 1234 1417 1279 ;
1441 1225 1499 1267 et
1522 1233 1771 1267 amorem
1789 1234 1924 1282 erga
1941 1218 2132 1282 proxi-

264 1311 415 1346 mum
441 1311 537 1345 seu
565 1294 900 1345 charitatem
940 1295 1147 1345 habere
1177 1312 1290 1346 non
1317 1295 1466 1346 aliud
1506 1304 1593 1346 est
1622 1312 1787 1362 quam
1815 1295 1995 1346 facere
2030 1295 2130 1346 bo-

265 1390 396 1424 num
434 1390 577 1423 usus,
653 1372 730 1424 Et
777 1389 902 1423 cum
954 1373 1172 1439 fugiunt
1230 1373 1516 1424 diabolum
1569 1381 1626 1424 et
1680 1381 2049 1438 acceptantur
2101 1391 2134 1424 a

265 1451 526 1512 Domin0,
555 1459 687 1502 tunc
728 1468 842 1502 non
879 1451 1088 1503 faciunt
1129 1452 1225 1503 illa
1251 1452 1400 1503 mala
1427 1470 1568 1519 quae
1608 1453 1663 1502 in
1705 1451 1997 1518 Decalogo
2033 1451 2131 1502 de-

261 1532 471 1598 scripta
509 1538 670 1593 sunt;
712 1530 818 1581 hoc
858 1539 963 1591 est,
995 1548 1106 1582 non
1147 1532 1429 1591 occidunt,
1460 1548 1572 1582 non
1612 1530 1947 1582 adulterium
1977 1546 2130 1581 com-

261 1610 513 1670 mittunt,
538 1625 651 1659 non
678 1608 943 1670 furantur,
969 1626 1081 1660 non
1109 1609 1245 1660 false
1269 1618 1552 1661 testantur
1574 1628 1584 1673 ;
1625 1609 1763 1660 haec
1787 1610 1935 1659 enim
1964 1625 2132 1659 nemo

259 1687 408 1749 facit,
438 1689 529 1755 qui
568 1695 720 1739 amat
760 1689 1114 1754 proximum3
1156 1705 1269 1739 non
1297 1690 1444 1739 enim
1484 1696 1636 1739 amat
1676 1689 2011 1754 proximum,
2041 1689 2132 1754 qui

259 1766 360 1818 tali
380 1766 508 1818 odio
526 1765 680 1816 illum
702 1766 873 1817 habet
897 1775 956 1817 ut
980 1767 1114 1818 velit
1138 1766 1291 1817 illum
1310 1767 1565 1818 occidere
1588 1785 1599 1829 ;
1629 1783 1742 1817 non
1764 1774 1915 1816 amat
1938 1767 2130 1831 proxi-

259 1860 411 1896 mum
450 1845 541 1912 qui
580 1844 700 1896 vult
740 1845 1073 1896 adulterium
1102 1847 1458 1896 committere
1498 1862 1624 1896 cum
1663 1862 1838 1896 uxore
1867 1844 2129 1907 alterius;

259 1940 373 1974 non
399 1931 551 1974 amat
580 1924 898 1989 proximum
926 1923 1158 1990 quivult
1180 1923 1342 1974 furari
1364 1932 1421 1974 et
1449 1923 1776 1990 depraedari
1804 1922 1919 1989 ejus
1946 1923 2095 1974 bona
2118 1941 2129 1986 ;

259 2018 373 2053 non
400 2010 551 2053 amat
592 2003 911 2068 proximum
949 2003 1039 2068 qui
1074 2002 1209 2052 false
1238 2010 1480 2053 testatur
1507 2010 1704 2053 contra
1742 2001 1914 2062 illum,
1956 2009 2013 2052 et
2053 2002 2129 2053 sic

261 2097 443 2147 porro,
520 2081 678 2132 Haec
702 2089 831 2132 sunt
853 2081 1002 2131 mala
1023 2098 1163 2147 quae
1192 2082 1486 2147 praecipue
1508 2081 1724 2147 fugiunt
1753 2079 1830 2130 illi
1852 2081 1942 2146 qui
1970 2097 2130 2146 spec-

260 2167 386 2211 tant
426 2159 496 2210 ad
537 2159 873 2223 Dominum;
915 2167 1047 2210 tunc
1077 2177 1295 2226 quoque
1324 2177 1436 2210 non
1476 2161 1678 2210 timent
1718 2167 1974 2219 mortem,
2005 2159 2132 2224 quia

260 2239 305 2288 si
339 2239 664 2299 moriuntur,
695 2239 1003 2289 moriuntur
1041 2238 1095 2288 in
1137 2238 1398 2298 DominO,
1428 2245 1484 2288 et
1513 2238 1743 2288 veniunt
1783 2238 1838 2287 in
1878 2236 2129 2299 coelum;

260 2324 318 2367 et
356 2317 431 2367 ibi
468 2325 621 2367 amat
650 2334 788 2367 unus
827 2316 1066 2367 alterum
1107 2317 1249 2367 sicut
1288 2316 1459 2366 frater
1489 2324 1546 2366 et
1586 2316 1767 2366 socius
1806 2315 2033 2365 fratrem
2072 2324 2130 2366 et

260 2396 601 2456 consocium,
632 2403 688 2446 et
721 2403 941 2446 mutuas
970 2412 1167 2460 operas
1194 2394 1393 2445 ferunt.
1471 2394 1686 2444 Hortor
1713 2394 1883 2444 etiam
1912 2402 2127 2454 nautas,

261 2474 403 2525 sicut
430 2491 566 2525 mox
595 2475 741 2539 prius
764 2473 1101 2534 nauclerum,
1123 2481 1182 2524 ut
1211 2473 1418 2523 adeant
1447 2472 1767 2532 Dominum,
1798 2480 1854 2522 et
1877 2480 2037 2523 orent
2060 2473 2131 2523 ad

262 2552 468 2618 Ipsum,
498 2553 625 2619 quia
651 2569 764 2603 non
792 2551 928 2603 alius
947 2560 1032 2603 est
1062 2552 1214 2602 Deus
1237 2551 1395 2613 coeli,
1419 2559 1600 2602 terrae
1623 2558 1680 2601 et
1709 2551 1890 2601 maris,

265 2701 384 2757 [13.]
431 2701 627 2744 Charitas
647 2701 766 2756 apud
791 2702 1004 2744 Famulos.

369 2807 523 2860 Sicut
562 2809 770 2860 domini
808 2809 887 2859 ita
917 2807 1104 2859 famuli
1143 2807 1281 2858 fiunt
1322 2807 1642 2868 charitateS,
1670 2807 1778 2857 hoc
1810 2814 1896 2856 est
1925 2805 2127 2871 angeli,

264 2887 394 2938 dum
433 2884 692 2953 spectant
732 2887 803 2937 ad
844 2887 1146 2937 Dominum
1186 2894 1242 2936 et
1278 2885 1494 2952 fugiunt
1522 2885 1669 2936 mala
1697 2893 1756 2935 ut
1796 2892 2046 2950 peccata,
2070 2893 2128 2933 et

264 2983 433 3032 opera
458 2965 645 3016 famuli
673 2966 903 3026 sincere,
927 2964 1074 3030 juste
1097 2972 1154 3015 et
1182 2963 1418 3014 fideliter
1436 2971 1628 3029 agunt.
1684 2962 1912 3013 Illorum
1941 2978 2126 3027 opera,

266 3061 405 3111 quae
438 3051 566 3094 sunt
606 3043 754 3094 bona
781 3043 1068 3094 charitatis
1097 3043 1318 3108 propria
1356 3050 1414 3092 et
1454 3042 1736 3100 continua,
1766 3048 1912 3100 sunt,
1942 3048 2001 3090 ut
2041 3047 2128 3089 at-

266 3122 504 3173 tendant
532 3122 603 3172 ad
634 3122 889 3172 dominos
917 3139 1062 3182 suOS,
1092 3121 1197 3171 illis
1226 3121 1366 3170 bene
1394 3119 1586 3179 velint,
1616 3119 1684 3168 de
1712 3118 1818 3168 illis
1846 3135 1956 3168 non
1985 3118 2130 3168 male

266 3199 580 3267 loquantur,
610 3208 727 3250 tam
767 3200 979 3250 sincere
1015 3207 1187 3265 agant
1227 3199 1281 3248 in
1321 3198 1575 3248 absentia
1613 3196 1829 3246 illorum
1871 3213 2036 3261 quam
2075 3197 2130 3245 in

268 3279 599 3344 praesentia,
630 3295 741 3328 non
781 3286 1048 3344 spernant
1088 3278 1310 3336 servire,
1340 3276 1465 3342 quia
1492 3276 1880 3340 unusquisque,
1909 3275 1961 3323 in
1994 3291 2131 3339 quo-

268 3373 484 3422 cunque
502 3356 678 3422 gradu
701 3357 990 3422 dignitatis
1012 3357 1099 3416 sit,
1120 3355 1322 3405 servire
1345 3354 1514 3403 debet
1536 3371 1547 3415 ;
1588 3354 1756 3403 etiam
1781 3352 1908 3402 Rex
1928 3353 2132 3402 serviet

271 3434 513 3484 Domino
537 3452 546 3496 ;
588 3442 644 3485 et
672 3435 812 3484 sicut
841 3435 1069 3500 quisque
1102 3432 1339 3483 fideliter
1366 3432 1552 3491 servit,
1582 3431 1661 3480 ita
1688 3438 1905 3480 amatur
1931 3438 1989 3480 et
2029 3430 2130 3480 du-

270 3512 413 3563 citur
439 3528 471 3561 a
499 3511 774 3574 Domin0;
814 3519 872 3562 et
911 3519 1180 3578 quantum
1209 3511 1327 3577 quis
1365 3507 1583 3574 spectat
1623 3508 1694 3558 ad
1735 3507 2036 3559 Dominum
2076 3515 2135 3558 et

271 3588 410 3655 sugit
438 3587 586 3639 mala
611 3596 672 3640 ut
699 3596 950 3655 peccata,
979 3589 1148 3640 servit
1177 3587 1346 3638 libere
1374 3594 1431 3638 et
1460 3602 1571 3638 non
1601 3583 1811 3637 coacte.
