2496 4250
531 442 597 490 28
1063 450 1146 490 DE
1186 449 1359 490 NOVA
1399 449 1854 491 HIEROSOLYMA

621 588 766 646 Quod
791 588 996 644 triplicis
1028 589 1220 645 generis
1246 590 1377 632 bona
1403 597 1452 632 et
1480 588 1592 632 inde
1614 601 1730 632 vera
1756 588 1854 632 sint
1878 588 1926 631 in
1951 588 2145 631 interno
2167 587 2381 640 homine,

529 656 578 690 et
601 647 810 690 totidem
843 648 889 689 in
917 656 1121 690 externo
1147 649 1211 702 (n.
1234 648 1386 702 4154).

619 703 765 762 Quod
803 706 867 749 sit
901 706 1084 748 bonum
1124 706 1356 755 naturale,
1383 706 1567 749 bonum
1606 706 1761 756 civile,
1786 714 1834 749 et
1871 706 2055 748 bonum
2096 705 2280 749 morale
2317 707 2383 760 (n.

618 820 763 879 Quod
798 822 982 864 bonum
1011 822 1244 871 naturale,
1270 822 1317 864 in
1351 822 1483 878 quod
1511 822 1660 878 aliqui
1685 830 1964 871 nascuntur,
1989 835 2088 865 non
2113 821 2176 865 sit
2198 821 2383 864 bonum

532 880 578 922 in
606 882 760 922 altera
790 879 905 929 vita,
932 880 1023 923 nisi
1058 880 1142 923 fiat
1179 881 1363 923 bonum
1401 880 1652 936 spirituale
1691 883 1755 936 (n.
1790 881 1916 935 2463,
1946 880 2072 934 2464,
2102 879 2228 933 2468,
2257 878 2384 934 3408,

531 939 657 992 3469
683 948 808 992 3470
835 938 959 993 3568
986 938 1111 993 3518
1137 939 1286 992 7761)

622 996 694 1039 De
722 998 853 1039 bono
877 997 1080 1040 naturali
1107 996 1361 1052 spirituali,
1385 1006 1434 1040 et
1458 1011 1555 1040 non
1580 997 1817 1053 spirituali
1851 999 1915 1052 (n.
1937 997 2065 1052 4988,
2088 1009 2216 1051 4992,
2239 996 2385 1052 5032).

618 1054 766 1112 Quod
794 1054 857 1098 sit
878 1069 1047 1098 verum
1077 1054 1420 1105 intelleffluale,
1444 1064 1493 1099 et
1519 1056 1652 1112 quod
1681 1056 1745 1099 sit
1767 1069 1935 1099 verum
1970 1055 2294 1099 scientificum
2321 1056 2386 1110 (n.

534 1126 656 1168 1904,
686 1126 808 1168 1911,
830 1114 978 1168 2503).

530 1262 624 1310 27.
671 1254 809 1309 Quod
829 1254 1080 1309 Sapientia
1096 1255 1159 1296 sit
1179 1268 1238 1296 ex
1259 1255 1389 1296 Bono
1402 1257 1496 1310 per
1531 1255 1668 1298 Vera.

617 1352 884 1409 Quomodo
916 1353 1193 1409 concipitur
1237 1362 1287 1396 et
1327 1353 1545 1397 nascitur
1583 1354 1819 1397 rationale
1857 1355 1986 1411 apud
2025 1354 2276 1415 hominem
2322 1356 2387 1409 (n.

532 1422 658 1465 2094
679 1410 836 1465 25741.>
861 1412 1007 1465 2524]
1033 1422 1158 1466 2557
1185 1424 1310 1466 3030
1338 1412 1483 1466 5126)

618 1469 765 1526 Quod
785 1483 870 1525 per
886 1470 1122 1512 influxum
1145 1470 1343 1512 Domini
1363 1484 1448 1526 per
1465 1470 1697 1519 caelum,
1688 1485 1735 1512 111
1758 1471 2068 1527 cognitiones
2090 1479 2140 1514 et
2157 1470 2388 1515 scientias

529 1541 652 1583 quae
675 1529 804 1584 apud
829 1528 1093 1577 hominem,
1117 1537 1166 1571 et
1191 1528 1303 1572 inde
1326 1529 1650 1574 elevationem
1678 1531 1741 1584 (n.
1772 1530 1893 1584 1895,
1923 1529 2075 1585 1896[?
2099 1529 2241 1585 1899]‚
2265 1541 2387 1585 1900,

534 1588 678 1640 1901).

617 1643 763 1702 Quod
782 1644 993 1688 elevatio
1016 1645 1079 1688 sit
1097 1646 1367 1689 secundum
1391 1659 1508 1690 usus
1525 1654 1575 1688 et
1597 1659 1767 1689 eorum
1791 1659 2008 1689 amorem
2032 1648 2096 1701 (n.
2114 1657 2240 1702 3074,
2261 1646 2388 1702 3085,

558 1703 644 1745 086
669 1737 678 1746 .

531 1716 555 1758 3
618 1704 765 1818 duod
807 1762 1043 1805 rationale
1083 1770 1311 1805 nascatur
1348 1777 1434 1819 per
1470 1776 1612 1814 vera;
1657 1763 1770 1806 inde
1807 1763 1969 1820 qualia
2008 1763 2088 1806 illa
2125 1771 2253 1814 sunt,
2290 1763 2388 1806 tale

530 1820 765 1863 rationale
797 1822 860 1875 (n.
886 1833 1011 1875 2094,
1037 1832 1161 1875 2524,
1187 1823 1334 1876 2557).

619 1877 763 1936 Quod
791 1878 1028 1922 rationale
1057 1893 1143 1935 per
1163 1893 1279 1922 vera
1304 1893 1363 1923 ex
1391 1881 1524 1923 bono
1550 1879 1798 1935 aperiatur
1820 1888 1869 1923 et
1896 1879 2150 1930 formetur,
2172 1888 2222 1924 et
2253 1881 2387 1936 quod

531 1951 617 1993 per
639 1937 759 1980 falsa
781 1951 840 1980 ex
865 1938 993 1980 malo
1017 1938 1275 1980 claudatur
1295 1947 1345 1981 et
1369 1939 1651 1981 destruatur
1676 1940 1740 1992 (n.
1770 1938 1895 1992 3108,
1924 1939 2069 1993 5126).

617 1994 766 2052 Quod
794 1996 945 2038 homo
979 2009 1075 2039 non
1101 1996 1355 2040 rationalis
1387 1996 1451 2039 sit
1483 2010 1569 2052 per
1592 1996 1654 2045 id,
1678 1997 1810 2052 quod
1840 1996 2119 2040 ratiocinari
2146 2006 2295 2053 queat
2327 1997 2388 2040 de

528 2061 819 2110 quacunque
832 2068 906 2103 Vre,
924 2055 1010 2097 sed
1033 2055 1166 2111 quod
1186 2054 1352 2098 videre
1375 2063 1423 2098 et
1447 2054 1695 2111 percipere
1719 2055 1874 2111 possit
1898 2069 2016 2098 num
2033 2069 2203 2099 verum
2228 2056 2293 2099 sit
2309 2056 2387 2099 vel

530 2126 627 2155 non
676 2127 720 2156 n.
751 2113 894 2167 1944).

617 2115 763 2228 duod
787 2171 938 2214 homo
961 2185 1061 2214 non
1085 2180 1314 2215 nascatur
1336 2172 1383 2214 in
1406 2172 1605 2229 aliquod
1628 2185 1813 2222 verum,
1837 2171 1952 2228 quia
1974 2185 2072 2215 non
2101 2171 2149 2214 in
2176 2172 2389 2222 bonum:

531 2230 616 2273 sed
640 2230 774 2285 quod
798 2243 945 2273 omne
967 2230 1191 2273 addiscet
1217 2239 1268 2273 et
1291 2230 1480 2274 imbuet
1505 2232 1570 2285 (n.
1595 2231 1743 2285 3175).
2178 2262 2181 2264 -

618 2287 765 2345 Quod
806 2289 957 2331 homo
994 2302 1139 2345 aegre
1173 2289 1390 2345 recipere
1423 2289 1578 2345 possit
1609 2302 1725 2332 vera
1760 2289 1987 2346 genuina,
2019 2297 2071 2332 et
2101 2289 2171 2332 sic
2203 2302 2388 2345 sapere,

530 2356 733 2448 grzpter
755 2346 969 2390 fallacias
992 2361 1224 2390 sensuum
1247 2355 1299 2390 et
1326 2348 1667 2404 persuasiones
1694 2347 1815 2397 falsi,
1837 2356 1888 2391 et
1915 2347 2028 2391 inde
2056 2347 2313 2391 ratiocinia
2338 2355 2389 2391 et

567 2420 595 2447 U
636 2419 681 2448 ¹³
705 2407 769 2460 (¹1·
795 2407 942 2460 3175)-
1267 2421 1276 2431 ⁴

619 2462 764 2520 Quod
794 2464 943 2507 homo
975 2471 1094 2507 tunc
1128 2463 1329 2520 incipiat
1354 2478 1522 2521 sapere
1549 2478 1660 2508 cum
1690 2464 1860 2521 incipit
1891 2463 2103 2507 aversari
2131 2463 2390 2508 ratiocinia

530 2531 703 2566 contra
723 2535 850 2571 vera,
874 2530 924 2565 et
947 2520 1145 2576 rejicere
1171 2523 1319 2565 dubia
1344 2526 1408 2577 (n.
1434 2524 1581 2578 3175).

613 2577 759 2634 Quod
785 2579 1023 2622 rationale
1048 2580 1319 2622 humanum
1344 2593 1442 2623 non
1467 2580 1762 2624 illustratum
1787 2581 1988 2624 irrideat
2010 2594 2126 2624 vera
2152 2580 2386 2624 interiora

525 2636 602 2690 (ab
622 2638 862 2692 exemplis,
888 2652 932 2680 n.
955 2638 1009 2679 26
1017 2639 1103 2692 54)

617 2692 763 2751 Quod
791 2708 906 2738 vera
939 2695 1171 2738 interiora
1202 2696 1332 2751 apud
1366 2695 1615 2739 hominem
1650 2695 1878 2739 dicantur
1908 2710 2059 2763 quum
2095 2696 2387 2753 implantata

528 2762 643 2796 sunt
658 2753 788 2796 vitae
810 2753 943 2809 ejus;
976 2761 1026 2796 et
1049 2767 1146 2796 non
1168 2754 1294 2802 inde,
1313 2755 1445 2811 quod
1470 2755 1592 2798 sciat
1616 2754 1710 2805 illa,
1728 2755 1925 2798 tametsi
1949 2755 2111 2800 forent
2125 2768 2240 2798 vera
2261 2769 2386 2812 quae

529 2820 768 2854 vocantur
791 2811 1024 2855 interiora
1050 2813 1318 2867 (n.10199).

617 2918 799 2976 Quod
789 2934 836 2962 111
859 2920 992 2963 bono
1015 2920 1079 2963 sit
1102 2919 1307 2964 facultas
1330 2921 1550 2977 sapiendi
1569 2936 1578 2971 ;
1613 2922 1724 2964 inde
1747 2921 1829 2978 qui
1856 2921 1902 2964 in
1926 2922 2058 2965 bono
2079 2921 2309 2965 vixerunt
2336 2922 2384 2964 in

534 2979 734 3027 mundo,
756 2979 802 3020 in
829 2979 1119 3034 sapientiam
1137 2979 1405 3036 angelicam
1425 2980 1630 3023 veniunt
1653 2989 1764 3036 post
1782 2993 2033 3023 excessum
2058 2994 2085 3024 e
2109 2981 2296 3024 mundo
2320 2985 2386 3029 (n.

531 3046 654 3092 5527,
683 3037 805 3103 58592
830 3037 978 3091 8321)·
1102 3096 1110 3104 ,
1319 3095 1328 3104 ,
1611 3096 1620 3105 ,
1648 3097 1656 3104 ,
1715 3096 1723 3104 ,

667 3096 764 3138 11οό
790 3110 837 3138 111
861 3109 1138 3152 unoquovis
1160 3096 1293 3138 bono
1317 3096 1690 3140 innumerabilia
1712 3097 1863 3140 insint
1888 3099 1951 3149 (n.
1975 3098 2126 3152 4005).

668 3154 765 3197 uod
790 3168 849 3197 ex
872 3155 1004 3197 bono
1028 3154 1402 3197 innumerabilia
1427 3155 1536 3198 sciri
1560 3157 1753 3211 possint
1779 3158 1841 3209 (n.
1862 3156 2009 3210 3612).

620 3212 693 3255 De
717 3213 1127 3269 multiplicatione
1150 3213 1250 3256 veri
1273 3226 1333 3255 ex
1355 3213 1488 3256 bono
1515 3215 1578 3267 (n.
1606 3224 1729 3268 5345,
1757 3224 1879 3268 5355,
1907 3214 2052 3268 5912).

618 3269 763 3327 Quod
789 3272 973 3314 bonum
1009 3271 1255 3320 infantiae,
1279 3284 1366 3327 per
1386 3285 1502 3315 vera
1522 3284 1579 3315 ac
1602 3285 1687 3328 per
1708 3272 1859 3315 vitain
1886 3272 2155 3315 secundum
2181 3272 2275 3321 illa.
2299 3272 2384 3317 fiat

528 3330 712 3372 bonum
737 3330 1004 3386 sapientiae
1032 3334 1095 3384 (n.
1122 3332 1269 3385 3504).

667 3438 764 3480 uod
789 3438 852 3480 sit
875 3436 1071 3480 affeRio
1094 3437 1193 3480 veri
1219 3446 1269 3480 et
1290 3435 1486 3480 affeflio
1508 3436 1624 3479 boni
1650 3438 1715 3491 (n.
1745 3437 2031 3492 1904,1997).

616 3436 797 3553 guales
831 3496 896 3538 illi
930 3496 1014 3552 qui
1050 3496 1095 3538 in
1130 3495 1389 3539 affectione
1411 3495 1527 3544 veri,
1550 3503 1599 3538 et
1630 3495 1798 3551 quales
1826 3494 1894 3537 illi
1920 3494 2003 3551 qui
2039 3495 2085 3538 in
2120 3492 2382 3540 affeClione

527 3555 642 3597 boni
672 3556 735 3603 (n.
763 3566 886 3621 2422
913 3553 1067 3609 243o[?
1093 3555 1260 3608 2429]).

615 3611 827 3670 Quinam
857 3614 904 3655 in
931 3611 1244 3656 affeflionem
1267 3612 1369 3655 veri
1398 3619 1604 3668 possunt
1626 3612 1806 3661 venire,
1830 3619 1880 3655 et
1906 3612 2107 3668 quinam
2134 3625 2235 3656 non
2270 3624 2381 3668 pos·

525 3671 949 3787 sunthodzgffiiiia
966 3743 1080 3773 vera
1102 3730 1199 3773 sint
1222 3730 1312 3772 sub
1334 3727 1592 3772 affectione
1615 3728 1864 3772 communi
1883 3728 2113 3772 ordInata
2140 3730 2205 3784 (n.
2229 3728 2380 3784 9094).
