2496 4250
554 416 634 456 ET
672 415 811 470 EJUs
851 415 1180 457 DOCTRINA
1219 417 1671 458 CAELEST1.-—N.
1710 420 1824 473 300.
2003 408 2109 475 ν169

331 566 496 622 295.
523 553 710 620 Quum
727 553 1007 603 Dominus
1029 553 1197 619 plene
1215 555 1560 620 glorificavit
1580 555 1906 606 Humanum
1926 573 2105 617 suum,

246 638 379 684 tunc
419 632 578 683 exuit
624 630 931 680 humanum
978 648 1051 680 ex
1092 639 1289 691 matre,
1333 639 1391 683 et
1442 633 1621 683 induit
1664 632 1989 683 Humanum
2032 651 2106 683 ex

246 710 429 771 Patre,
461 709 612 777 quod
645 717 732 760 est
766 708 1031 759 Divinum
1067 708 1424 760 Humanum:
1474 728 1644 778 quare
1679 719 1811 762 tunc
1847 728 1959 762 non
1988 729 2107 762 am·

245 787 390 856 plius
423 787 635 838 Mariae
667 786 809 837 filius
842 786 958 836 fuit.

336 864 505 930 296.
542 863 787 913 Primum
810 870 868 913 et
896 863 1220 928 primarium
1236 864 1522 914 ecclesiae
1545 872 1652 925 est,
1674 881 2027 930 cognoscere
2050 873 2109 916 et

241 957 556 1008 agnoscere
596 955 755 990 suum
797 939 1014 1002 Deum;
1063 956 1192 989 nam
1233 941 1443 1006 absque
1478 942 1805 1007 cognitione
1846 950 1903 992 et
1943 943 2105 1008 agni-

245 1020 401 1071 tione
418 1017 514 1069 illa
532 1035 644 1069 non
663 1025 750 1068 est
770 1015 1090 1082 conjunctio
1113 1035 1124 1080 ;
1154 1019 1233 1068 ita
1251 1019 1306 1068 in
1325 1019 1564 1069 ecclesia
1583 1020 1792 1086 absque
1811 1021 2104 1086 agnitione

242 1095 493 1149 Domini.
561 1096 688 1148 Hoc
723 1096 894 1147 docet
929 1096 1205 1147 Dominus
1238 1097 1386 1163 apud
1420 1097 1752 1159 Jolzannmn,

329 1209 452 1262 “Qui
475 1210 614 1250 credit
634 1210 679 1249 in
704 1209 875 1257 Filium,
893 1210 1029 1249 vitam
1052 1218 1280 1249 aeternam
1303 1211 1435 1249 habet
1454 1223 1462 1256 ;
1489 1211 1561 1261 qui
1583 1223 1688 1249 vero
1711 1224 1800 1250 non
1825 1212 1962 1251 credit
1986 1213 2107 1260 Filio,

461 1277 554 1304 non
575 1265 742 1304 videbit
762 1265 912 1312 vitam,
935 1265 1013 1304 sed
1036 1265 1099 1303 ira
1122 1265 1204 1303 Dei
1227 1275 1377 1304 manet
1397 1266 1515 1315 apud
1533 1265 1655 1304 illurn
1670 1265 1692 1280 ''
1710 1266 1783 1315 (iii.
1807 1267 1900 1315 36);

246 1367 304 1414 et
337 1359 487 1422 alibi,

329 1458 352 1474 “
366 1455 463 1496 Nisi
483 1455 757 1496 credideritis
778 1456 897 1508 quod
918 1468 1002 1506 ego
1024 1456 1121 1505 sim,
1141 1457 1393 1495 moriemini
1415 1457 1459 1495 in
1483 1458 1673 1507 peccatis
1691 1457 1852 1496 vestris
1867 1456 1889 1471 ’⁹
1906 1457 2009 1506 (viii.
2029 1457 2108 1508 24).

344 1575 503 1632 297.
553 1564 723 1631 Quod
755 1565 965 1615 trinum
1004 1566 1059 1615 in
1089 1565 1339 1615 Domino
1377 1565 1470 1624 sit,
1500 1581 1705 1631 nempe
1737 1566 1919 1631 ipsum
1948 1565 2106 1615 Divi-

241 1656 397 1704 ·num,
422 1642 687 1693 Divinum
719 1642 1063 1702 Humanum,
1089 1650 1147 1692 et
1177 1642 1442 1692 Divinum
1472 1643 1802 1707 procedenS,
1829 1651 1916 1693 est
1950 1659 2108 1693 arca-

246 1736 379 1772 num
410 1738 441 1772 e
472 1720 651 1782 caeIO,
682 1728 740 1772 et
773 1737 875 1787 pro
908 1720 1018 1771 illis
1052 1722 1143 1787 qui
1175 1721 1230 1770 in
1264 1718 1461 1772 sancta
1492 1720 1893 1786 Hierosolyma
1926 1729 2105 1772 erunt.

913 1882 974 1923 (Ex
996 1890 1156 1914 ARCANJS
1178 1882 1444 1924 CAELESTIBUS.)

245 1967 397 2023 298·
441 1967 582 2024 Quod
596 1967 838 2010 Divinum
861 1968 1067 2010 Domino
1069 1967 1242 2024 suerit
1261 1981 1322 2010 ex
1342 1969 1449 2024 ipra
1471 1969 1780 2024 conceptione.

237 2079 242 2088 ·
334 2064 482 2124 Quod
503 2065 722 2110 Domino
742 2065 978 2110 Divinum
997 2080 1057 2109 ex
1082 2065 1228 2110 Patre
1245 2066 1392 2110 fuerit
1413 2068 1476 2122 (n.
1494 2067 1624 2121 4641,
1639 2067 1767 2123 4963,
1788 2067 1944 2123 8041[?
1966 2067 2109 2123 5041],

248 2124 731 2287 5157gu6356bg13111i232).
747 2183 839 2227 soli
858 2183 1004 2227 fuerit
1027 2197 1194 2227 semen
1220 2183 1455 2227 Divinum
1481 2186 1545 2239 (n.
1576 2184 1719 2240 1438).

382 2243 480 2286 uod
500 2242 664 2285 anima
683 2241 842 2298 Ipsius
861 2241 1008 2285 fuerit
1027 2242 1254 2300 Jehovah
1280 2245 1344 2298 (n.
1374 2254 1495 2298 1999,
1517 2256 1643 2296 2004,
1664 2254 1789 2298 2005,
1811 2243 1937 2292 2018,
1959 2244 2106 2299 2025).

333 2287 481 2359 Quod
497 2301 567 2344 sic
585 2300 816 2343 intimum
837 2300 1039 2344 Domini
1063 2300 1212 2345 fuerit
1231 2302 1390 2358 ipsum
1411 2301 1661 2352 Divinum,
1679 2302 1936 2345 [11induitio
1953 2316 1982 2345 a
2006 2315 2107 2346 ma-

245 2366 320 2403 tre
333 2361 492 2477 51110ςὲ
492 2361 665 2474 {gsum
691 2417 927 2462 Divinum
951 2417 1098 2462 fuerit
1123 2418 1242 2473 Esse
1259 2419 1391 2462 vitae
1416 2419 1631 2469 Domini,
1651 2433 1679 2462 a
1701 2433 1800 2476 quo
1821 2419 2107 2462 Humanum

244 2476 358 2520 dein
384 2477 549 2527 exivit,
572 2484 622 2520 et
647 2475 831 2520 factum
857 2486 934 2521 est
963 2477 1184 2521 Existere
1210 2491 1270 2521 ex
1298 2478 1382 2521 illo
1411 2478 1529 2522 Esse
1558 2480 1623 2534 (n.
1648 2490 1774 2534 3194,
1799 2490 1925 2534 3210,
1956 2488 2107 2531 10270,

249 2536 423 2591 10372).

243 2670 400 2718 299.
443 2662 584 2719 Quod
598 2663 841 2706 Divinum
864 2664 1073 2706 Domini
1087 2664 1429 2721 agnoscendum
1451 2666 1529 2707 sit.

332 2761 480 2820 Quod
508 2762 636 2805 intra
657 2762 929 2812 ecclesiam,
954 2762 1036 2805 ubi
1060 2770 1136 2806 est
1150 2762 1383 2812 Verbum,
1407 2771 1456 2805 et
1481 2776 1566 2818 per
1589 2763 1636 2805 id
1662 2771 1807 2806 notus
1829 2771 1905 2805 est
1930 2762 2102 2806 Domi-

243 2834 350 2871 nus,
369 2834 468 2864 non
492 2821 771 2878 negandum
794 2822 859 2865 sit
883 2821 1118 2864 Divinum
1144 2820 1360 2871 Domini,
1380 2835 1470 2864 nec
1493 2820 1727 2864 Sanc’tum
1752 2822 2022 2877 procedens
2045 2822 2105 2863 ab

238 2877 362 2936 ,Ipso
391 2880 456 2946 (n.
480 2880 628 2935 2359).
1019 2938 1028 2947 θ
1179 2938 1188 2946 θ
1491 2938 1499 2946 .
1807 2938 1815 2946 ⁶

242 2992 245 2993 ⁷
333 2936 431 3040 gui
453 2951 553 2981 non
579 2946 857 2995 agnoscunt
881 2938 1151 2981 Dommum
1178 2946 1306 2980 1ntra
1327 2938 1597 2987 eccle51am,
1622 2938 1755 2994 quod
1775 2952 1843 2981 eis
1868 2951 1966 2980 non
1989 2951 2106 2980 con-

250 2996 331 3039 ’un
385 2997 433 3039 io
455 2996 520 3040 sit
540 3010 651 3039 cum
674 2996 881 3046 Divino:
913 2997 1054 3040 aliter
1076 2997 1159 3053 qui
1177 3005 1316 3040 extra
1338 2997 1591 3040 ecclesiam
1618 3006 1733 3039 sunt
1759 2999 1822 3049 (n.
1847 2996 2021 3050 10205).

333 3054 480 3112 Quod
503 3056 762 3098 essentiale
785 3055 1018 3099 ecclesiae
1039 3055 1103 3098 sit
1125 3068 1390 3111 agnoscere
1417 3055 1651 3097 Divinum
1679 3055 1892 3103 Domini,
1917 3068 1973 3097 ac
1999 3053 2106 3096 uni-

237 3112 430 3162 ‚tionem
451 3113 610 3169 Ipsius
627 3127 739 3156 curn
762 3113 907 3157 Patre
932 3115 998 3170 (n.
1023 3114 1174 3168 10083,
1199 3125 1350 3163 10112‚
1375 3123 1527 3168 10370,
1552 3113 1733 3168 10728[?
1756 3113 1927 3167 10738]‚
1953 3123 2104 3167 10730,

249 3171 577 3222 10816-10818,
606 3172 780 3227 10820).

243 3320 404 3368 300.
448 3311 590 3367 Quod
604 3312 841 3354 Dominus
849 3311 1207 3369 glorzficaverit
1228 3311 1513 3353 Humanum
1536 3324 1673 3352 suum
1696 3312 1747 3352 z‘n
1770 3310 1957 3353 mundo.

333 3409 481 3468 Quod
506 3411 554 3454 in
577 3411 743 3455 Verbo
762 3412 929 3455 multis
951 3419 1125 3468 agatur
1147 3411 1207 3454 de
1229 3411 1586 3467 glorificatione
1612 3410 1812 3453 Domini
1839 3413 1903 3466 (n.
1927 3411 2104 3464 10828).

334 3469 398 3512 Et
419 3470 552 3526 quod
575 3470 734 3513 ubivis
759 3471 807 3512 in
831 3484 976 3513 sensu
1002 3469 1149 3512 Verbi
1174 3470 1368 3512 interno
1394 3471 1457 3523 (n.
1483 3481 1608 3523 2249,
1634 3479 1758 3523 2523,
1784 3471 1933 3524 3245).

331 3526 478 3585 Quod
499 3527 742 3572 Dominus
763 3528 1049 3571 Humanum
1069 3542 1210 3571 suum
1228 3527 1586 3584 glorificaverit,
1604 3540 1702 3569 non
1723 3526 1973 3576 Divinum,
1990 3527 2104 3583 quia

244 3585 339 3629 hoc
362 3585 410 3628 in
433 3599 485 3630 se
507 3586 835 3643 glorificatum
861 3586 951 3628 fuit
976 3589 1040 3642 (n.
1071 3587 1243 3641 10057).

239 3661 243 3663 ·
333 3642 481 3701 Quod
523 3644 766 3688 Dominus
804 3645 852 3687 in
892 3645 1129 3687 mundum
1164 3643 1352 3687 venerit
1387 3651 1441 3686 ut
1477 3642 1771 3700 glorificaret
1810 3642 2098 3686 Humanum

244 3715 386 3746 suum
413 3703 477 3758 (n.
501 3703 627 3759 3637,
650 3702 808 3759 4286[?
829 3703 978 3758 4287]‚
1002 3703 1153 3758 9315).
