2496 4250
429 446 497 512 36
954 456 1038 498 DE
1078 455 1251 498 NOVA
1291 455 1747 498 HIEROSOLYMA

523 610 645 664 39.
700 596 893 646 Homo
926 595 1079 661 cujus
1110 595 1396 645 internum
1429 602 1516 646 est
1548 596 1602 646 in
1635 595 1759 647 luce
1797 596 1958 657 caeli,
1994 603 2051 647 et
2090 603 2286 647 exter-

428 691 560 724 num
594 676 647 724 in
683 674 803 723 luce
838 673 1046 732 mundi,
1072 672 1166 722 ille
1195 679 1251 722 et
1281 671 1649 738 spiritualiter
1677 681 1734 722 et
1766 673 2103 724 naturaliter
2131 674 2286 739 cogi-

426 760 544 815 tat3
586 752 686 802 sed
715 759 847 801 tunc
878 750 1179 816 spiritualis
1209 749 1323 815 ejus
1357 751 1635 815 cogitatio
1658 750 1836 801 influit
1864 751 1918 800 in
1949 751 2285 812 naturalem,

425 847 488 881 ac
538 830 839 896 percipitur
877 830 984 878 ibi:
1041 836 1101 879 at
1140 828 1312 878 homo
1353 827 1505 892 cujus
1545 829 1828 879 internum
1870 845 1997 879 cum
2041 837 2286 880 externo

426 917 511 959 est
544 910 599 958 in
633 908 756 957 luce
797 907 1006 967 mundi,
1037 923 1150 956 non
1191 906 1555 972 spiritualiter
1588 907 1686 957 sed
1727 907 2095 958 materialiter
2127 908 2286 973 cogi-

425 996 545 1050 tat;
587 987 806 1051 cogitat
841 987 989 1035 enim
1024 1003 1096 1035 ex
1137 985 1344 1035 talibus
1385 1002 1527 1051 quae
1567 986 1622 1035 in
1662 986 1854 1035 mundi
1893 994 2095 1036 natura
2135 993 2287 1042 sunt,

425 1083 566 1132 quae
617 1065 804 1114 omnia
855 1072 984 1113 sunt
1037 1063 1366 1114 materialia.
1466 1063 1845 1130 Spiritualiter
1895 1064 2149 1130 cogitare
2199 1070 2289 1114 est

425 1145 677 1209 cogitare
717 1143 866 1208 ipsas
898 1159 985 1192 res
1018 1143 1073 1192 in
1106 1158 1182 1202 se,
1209 1141 1398 1191 videre
1426 1159 1559 1192 vera
1590 1160 1663 1192 ex
1697 1141 1821 1192 luce
1847 1143 1980 1203 veri,
2009 1150 2066 1192 et
2106 1142 2288 1208 perci-

426 1239 556 1286 pere
584 1221 734 1271 bona
773 1239 846 1271 ex
880 1237 1070 1270 amore
1104 1220 1253 1280 boni,
1290 1227 1411 1270 tum
1444 1221 1634 1271 videre
1667 1221 1974 1287 qualitates
2007 1235 2193 1271 rerum
2221 1227 2288 1271 et

427 1299 713 1365 percipere
746 1298 967 1348 illarum
1000 1295 1324 1348 affectiones
1358 1295 1643 1348 abstracte
1684 1316 1715 1348 a
1756 1299 2026 1361 materia;
2069 1306 2127 1348 at
2167 1313 2289 1348 ma-

426 1377 700 1428 terialiter
719 1378 972 1443 cogitare
1002 1385 1089 1427 est
1119 1377 1392 1442 cogitare,
1422 1376 1631 1437 videre,
1655 1384 1713 1427 et
1741 1378 2027 1444 percipere
2055 1375 2152 1427 illa
2180 1392 2291 1426 una

427 1471 551 1505 cum
577 1457 830 1516 materia,
857 1463 914 1505 et
944 1456 997 1505 in
1021 1456 1275 1515 materia,
1301 1455 1381 1504 ita
1402 1453 1715 1521 respective
1743 1472 1931 1506 crasse
1954 1463 2012 1506 et
2035 1454 2290 1505 obscure.

525 1548 649 1602 40.
703 1535 970 1604 Internus
1021 1533 1329 1600 spiritualis
1383 1533 1577 1598 hom0‚
1612 1535 1667 1584 in
1721 1552 1781 1585 se
1835 1534 2146 1601 spectatu&
2199 1540 2290 1584 est

427 1611 662 1677 angelus
709 1611 885 1675 caeli;
943 1619 999 1662 et
1052 1628 1290 1678 quoque,
1333 1610 1467 1661 dum
1513 1612 1651 1662 vivit
1698 1612 1752 1661 in
1800 1628 2054 1678 corpore,
2097 1618 2186 1661 est
2233 1611 2289 1661 in

427 1693 704 1742 societate
733 1707 858 1741 cum
887 1690 1122 1756 angeli5‚
1145 1691 1374 1740 tametsi
1407 1689 1462 1740 id
1496 1697 1631 1741 tunc
1660 1691 1858 1751 nescit,
1884 1699 1942 1741 et
1971 1698 2102 1757 post
2136 1689 2291 1740 solu-

427 1771 642 1820 tionem
671 1787 703 1820 a
730 1787 964 1836 corpore
993 1770 1140 1820 inter
1168 1767 1407 1834 angelos
1430 1770 1604 1819 venit.
1675 1769 1867 1819 Homo
1895 1777 2087 1820 autem
2115 1769 2291 1820 inter-

428 1866 530 1898 nus
570 1865 722 1899 mere
762 1847 1050 1909 naturaliS,
1093 1849 1148 1898 in
1189 1864 1249 1898 se
1296 1845 1604 1913 spectatu&
1646 1855 1735 1898 est
1787 1849 2012 1914 spiritus
2063 1855 2122 1898 et
2177 1863 2291 1897 non

428 1927 662 1992 angelus
686 1944 697 1990 ;
739 1934 797 1977 et
831 1943 1067 1992 quoque,
1093 1926 1225 1975 dum
1248 1926 1386 1976 vivit
1414 1926 1469 1976 in
1503 1942 1755 1992 corpore,
1780 1927 1834 1976 in
1864 1927 2141 1976 societate
2164 1941 2292 1976 cum

428 2005 713 2071 spiritibus
746 2012 851 2065 est,
883 2005 982 2054 sed
1010 2021 1136 2055 curn
1169 2003 1278 2054 illis
1307 2005 1397 2070 qui
1425 2005 1479 2054 in
1508 2004 1723 2055 inferno
1752 2012 1916 2070 sunt;
1958 2005 2132 2055 etiam
2161 2011 2292 2071 post

428 2085 770 2134 solutionem
803 2101 835 2134 a
865 2100 1099 2149 corpore
1132 2084 1280 2134 inter
1307 2082 1435 2133 illos
1467 2084 1641 2133 venit.

524 2177 636 2231 41.
685 2164 969 2214 Interiora
1006 2163 1156 2229 apud
1195 2162 1323 2213 illos
1353 2163 1445 2229 qui
1477 2163 1803 2229 spirituales
1835 2162 2099 2214 homines
2137 2168 2290 2223 sunt,

429 2242 599 2293 etiam
628 2239 925 2291 actualiter
953 2239 1178 2291 elevata
1210 2247 1341 2290 sunt
1368 2257 1561 2290 versus
1590 2240 1828 2300 caelum,
1855 2238 2116 2307 spectant
2144 2240 2293 2290 enim

429 2319 566 2370 illud
590 2320 883 2385 primario:
926 2319 1194 2369 interiora
1216 2326 1409 2368 autern
1433 2335 1574 2384 quae
1597 2320 1806 2369 mentis
1830 2327 1961 2369 sunt
1983 2318 2131 2385 apud
2164 2317 2293 2368 illos

429 2399 519 2464 qui
552 2414 703 2448 mere
733 2397 1020 2448 naturales
1048 2404 1195 2457 sunt,
1221 2395 1514 2447 actualiter
1554 2414 1715 2447 versa
1743 2405 1874 2447 sunt
1902 2397 1973 2447 ad
2003 2397 2291 2456 mundum,

429 2478 555 2542 quia
584 2474 845 2542 spec‘tant
879 2475 1038 2526 illum
1066 2476 1344 2542 primario.
1424 2463 1703 2525 Interiora
1732 2493 1874 2541 quae
1903 2476 2112 2526 mentis
2141 2483 2291 2536 sunt,

429 2554 577 2620 apud
624 2556 1050 2621 unumquemvis
1095 2571 1257 2604 versa
1303 2561 1432 2604 sunt
1479 2554 1550 2604 ad
1603 2554 1658 2604 id
1705 2554 1854 2621 quod
1900 2571 2067 2620 super
2103 2554 2294 2604 omnia

429 2641 622 2698 amat;
671 2642 728 2685 et
769 2635 1056 2685 exteriora
1094 2651 1237 2701 quae
1276 2634 1448 2683 animi
1488 2641 1636 2696 sunt,
1667 2641 1964 2684 vertuntur
1995 2650 2106 2700 quo
2144 2633 2293 2684 inte-

428 2713 589 2762 riora.

526 2801 638 2856 42.
683 2788 792 2855 Qui
820 2789 993 2840 modo
1021 2805 1381 2839 communem
1410 2789 1598 2839 ideam
1620 2789 1690 2839 de
1717 2789 1944 2839 interno
1966 2795 2023 2840 et
2046 2795 2293 2840 externo

428 2866 658 2917 homine
689 2867 922 2927 habent,
955 2867 1194 2917 credunt
1228 2866 1378 2933 quod
1411 2867 1667 2916 internus
1699 2866 1872 2917 homo
1905 2867 1977 2917 sit
2011 2867 2102 2933 qui
2135 2867 2292 2932 cogi-

430 2954 517 2996 tat
551 2954 608 2996 et
642 2946 732 3012 qui
762 2945 902 3005 vult,
935 2952 992 2996 et
1021 2953 1291 2995 externus
1333 2945 1424 3011 qui
1464 2944 1711 3011 loquitur
1744 2952 1802 2995 et
1835 2946 1928 3011 qui
1967 2944 2119 3005 facit,
2154 2961 2294 3011 quo-

430 3026 578 3075 niam
612 3025 864 3090 cogitare
894 3032 951 3074 et
979 3023 1127 3074 velle
1157 3031 1244 3074 est
1273 3024 1574 3085 internum,
1601 3031 1659 3074 et
1690 3024 1819 3074 inde
1849 3023 1999 3090 loqui
2027 3031 2084 3074 et
2113 3023 2294 3074 facere

429 3111 516 3152 est
549 3112 868 3153 externum.
947 3101 1058 3153 Sed
1087 3102 1379 3152 sciendum
1414 3109 1501 3152 est
1531 3102 1681 3168 quod
1716 3118 1841 3152 cum
1876 3101 2049 3152 homo
2081 3101 2294 3152 intelli—

429 3190 631 3247 genter
670 3183 893 3248 cogitat
928 3189 986 3232 et
1027 3182 1314 3248 sapienter
1342 3180 1484 3242 vult,
1521 3188 1655 3231 tunc
1697 3181 1917 3246 cogitet
1957 3188 2015 3231 et
2044 3180 2182 3231 velit
2222 3180 2295 3231 ab

429 3262 652 3311 interno
686 3260 959 3327 spirituali
987 3277 998 3324 ;
1040 3267 1100 3310 at
1135 3276 1262 3310 cum
1296 3259 1470 3309 homo
1505 3276 1618 3309 non
1651 3259 2040 3324 intelligenter
2073 3259 2294 3324 cogitat

430 3348 488 3390 et
517 3341 799 3405 sapienter
821 3339 960 3399 vult,
987 3339 1205 3404 cogitet
1234 3346 1291 3388 et
1321 3338 1459 3388 velit
1491 3338 1562 3387 ab
1590 3339 1813 3388 interno
1842 3336 2113 3387 naturali:
2156 3353 2294 3387 con-

431 3426 732 3484 sequenter
759 3434 884 3469 cum
918 3418 1091 3468 homo
1123 3417 1268 3468 bene
1301 3417 1370 3467 de
1399 3416 1648 3467 Domino
1677 3424 1734 3466 et
1769 3417 1838 3467 de
1866 3415 1975 3466 illis
2003 3432 2145 3482 quae
2173 3415 2294 3466 Do-

431 3497 564 3546 mini
593 3504 740 3557 sunt‚
767 3503 822 3547 et
853 3512 978 3546 cum
1000 3496 1146 3546 bene
1175 3496 1244 3545 de
1273 3495 1535 3562 proximo
1563 3510 1627 3544 ac
1658 3494 1726 3544 de
1754 3494 1862 3544 illis
1885 3510 2026 3560 quae
2049 3493 2294 3560 proximi

436 3582 585 3636 sunt,
629 3575 849 3640 cogitat
890 3583 946 3624 et
987 3574 1097 3624 illis
1137 3575 1279 3624 bene
1319 3573 1459 3634 vult,
1502 3581 1636 3624 tunc
1677 3574 1895 3639 cogitat
1943 3580 2000 3623 et
2050 3572 2173 3623 vult
2222 3572 2295 3623 ab

437 3655 661 3704 interno
685 3652 974 3719 spirituali,
999 3654 1126 3720 quia
1154 3660 1287 3703 tunc
1318 3652 1536 3718 cogitat
1559 3669 1631 3702 ex
1660 3650 1767 3701 fide
1789 3651 1902 3702 veri
1925 3659 1982 3702 et
2005 3668 2078 3702 ex
2101 3667 2294 3702 amore

432 3732 583 3793 boni,
616 3732 696 3782 ita
735 3748 809 3782 ex
849 3731 1038 3782 caelo:
1082 3739 1141 3783 at
1181 3747 1306 3783 cum
1347 3730 1521 3782 homo
1554 3729 1700 3781 male
1733 3730 1803 3782 de
1835 3729 1944 3780 illis
1977 3730 2198 3796 cogitat
2230 3736 2291 3781 et
