2496 4250
2304 0 2398 31 ’πῖ-θ.

2448 131 2496 157 „Q

511 423 608 489 156
1032 434 1115 473 DE
1155 433 1330 474 NOVA
1371 432 1830 474 H1ERosoLvMA

503 574 633 640 quid
666 574 737 624 ad
777 581 1087 634 aeternum,
1125 581 1182 624 et
1223 573 1493 640 percipiet
1527 574 1676 640 quod
1717 589 1829 624 non
1863 573 2008 636 sint;
2057 572 2187 640 quid
2228 580 2364 625 tunc

502 653 670 718 aliqui
705 654 834 702 anni
868 654 1019 702 vitae
1053 654 1106 702 in
1142 652 1394 701 mundo?

607 742 764 796 270.
819 730 927 796 Qui
966 733 1072 781 rite
1113 731 1407 796 expendit,
1445 731 1584 781 scire
1625 738 1816 797 potest
1868 730 2367 796 quod’eminentia

502 818 559 861 et
594 808 883 874 opulentia
923 811 977 858 in
1019 809 1230 859 mundo
1271 826 1383 858 non
1425 811 1537 859 sint
1578 809 1758 859 reales
1798 806 2223 858 benedictiones
2264 805 2364 857 Di-

500 889 682 947 vinae,
710 889 941 937 tametsi
971 888 1143 938 homo
1166 906 1239 937 ex
1269 905 1369 937 suo
1392 888 1579 953 volupi
1603 888 1727 937 illas
1755 889 1834 937 ita
1855 895 2043 947 vocat,
2069 893 2365 936 transeunt

502 967 669 1025 enim,
706 974 763 1016 et
805 983 1026 1032 quoque
1068 967 1346 1016 seducunt
1400 966 1628 1026 mult05‚
1665 974 1722 1016 et
1771 973 2038 1016 avertunt
2077 982 2122 1015 a
2172 963 2365 1026 caelo;

502 1045 600 1094 sed
634 1045 783 1110 quod
807 1046 923 1094 vita
955 1053 1190 1094 aeterna
1223 1053 1280 1095 et
1313 1044 1429 1109 ejus
1462 1045 1701 1095 felicitas
1734 1045 1846 1094 sint
1880 1043 2061 1094 reales
2094 1042 2363 1093 benedic-

502 1123 687 1172 tiones
727 1139 868 1188 quae
909 1140 941 1172 a
982 1123 1203 1172 Divino,
1285 1123 1441 1173 Haec
1485 1124 1655 1173 etiam
1690 1123 1860 1174 docet
1901 1122 2179 1172 Dominus
2217 1121 2366 1188 apud

501 1200 722 1261 Lucam,

585 1314 608 1330 ‘⁶
626 1312 773 1351 Facite
790 1313 917 1351 vobis
930 1344 938 1352 .
958 1344 966 1352 .
985 1314 1260 1352 ,thesaurum
1280 1325 1370 1351 non
1386 1313 1663 1351 deficientem
1685 1313 1727 1351 in
1746 1314 1893 1360 caelis,
1911 1326 1998 1363 quo
2019 1313 2090 1352 fur
2106 1326 2196 1352 non
2215 1325 2369 1364 perve-

721 1368 798 1413 nit,
817 1380 959 1417 neque
978 1368 1099 1406 tinea
1116 1368 1358 1416 corrumpit
1378 1379 1386 1414 ;
1408 1369 1480 1406 ubi
1491 1368 1617 1406 'enim
1636 1376 1704 1406 est
1726 1368 1958 1406 thesaurus
1974 1375 2135 1415 vester,
2154 1369 2214 1407 ibi
2232 1368 2367 1408 etiam

719 1434 796 1460 cor
817 1430 1013 1460 vestrum
1037 1423 1119 1460 erit
1135 1421 1155 1435 '’
1179 1423 1266 1470 (xii.
1291 1433 1354 1470 33,
1379 1424 1459 1470 34).

601 1540 748 1596 271.
798 1529 967 1594 Quod
1007 1530 1281 1580 succedat
1322 1530 1486 1580 malis
1525 1530 1837 1580 secundum
1867 1538 2039 1590 arteS‚
2069 1539 2157 1580 est
2196 1546 2369 1582 causa

502 1608 631 1673 quia
663 1624 736 1656 ex
769 1607 974 1656 Divino
1004 1608 1197 1657 ordine
1231 1615 1319 1657 est
1354 1615 1412 1657 ut
1441 1608 1672 1674 quisque
1702 1625 1774 1656 ex
1804 1608 2022 1657 ratione
2051 1615 2188 1673 agat
2217 1607 2368 1673 quod

502 1686 639 1749 agit,
677 1693 733 1735 et
775 1703 997 1752 quoque
1037 1703 1111 1735 ex
1153 1686 1363 1748 libero;
1411 1694 1755 1752 quapropter
1788 1687 1890 1735 nisi
1930 1683 2184 1736 relictum
2224 1685 2368 1737 foret

502 1763 716 1812 homini
763 1781 931 1828 agere
979 1764 1287 1814 secundum
1336 1764 1451 1829 ejus
1498 1765 1778 1813 rationem
1827 1782 1900 1814 ex
1950 1764 2142 1824 libero,
2184 1772 2242 1814 et
2289 1765 2366 1815 sic

502 1858 722 1907 quoque
756 1851 924 1901 arteS‚
962 1860 1104 1908 quae
1144 1843 1274 1892 inde
1309 1851 1457 1902 sunt,
1493 1842 1880 1902 succederent,
1917 1841 2090 1892 homo
2123 1842 2368 1893 nullate·

502 1935 605 1968 nus
640 1929 833 1985 posset
867 1922 1088 1987 disponi
1129 1921 1198 1971 ad
1230 1921 1610 1986 recipiendum
1645 1921 1820 1969 vitam
1854 1928 2179 1980 aeternam;
2226 1919 2367 1970 haec

502 1999 650 2048 enim
682 1999 993 2050 insinuatur
1022 2017 1147 2050 cum
1178 2000 1351 2049 homo
1380 2007 1466 2049 est
1500 1999 1554 2048 in
1590 1998 1766 2048 libero
1795 2006 1852 2048 et
1885 1999 2030 2048 ratio
2063 1997 2179 2064 ejus
2212 1998 2368 2048 illus-

502 2085 715 2126 tratur:
765 2095 932 2143 nemo
974 2095 1216 2145 namque
1252 2079 1378 2143 cogi
1420 2085 1612 2144 potest
1653 2077 1723 2127 ad
1765 2077 1994 2136 bonum,
2031 2078 2159 2143 quia
2200 2093 2369 2128 omne

503 2154 761 2206 coactum
782 2173 894 2206 non
919 2157 1194 2218 inhaeret,
1217 2174 1328 2207 non
1349 2158 1498 2207 enim
1518 2150 1604 2206 est
1629 2157 1821 2222 ipsius;
1857 2156 1911 2205 id
1934 2157 2104 2222 ipsius
2127 2155 2369 2205 hominis

503 2233 563 2284 fit
594 2235 743 2300 quod
778 2253 850 2286 ex
887 2236 1063 2286 libero
1092 2236 1399 2286 secundum
1430 2235 1544 2300 ejus
1573 2236 1852 2285 rationem
1886 2233 1964 2294 fit,
1996 2242 2053 2284 et
2087 2251 2160 2284 ex
2194 2233 2370 2284 libero

502 2313 563 2364 fit
597 2315 746 2380 quod
782 2333 855 2364 ex
889 2315 1189 2365 voluntate
1219 2332 1316 2364 seu
1347 2331 1556 2374 amore,
1581 2330 1644 2364 ac
1675 2313 1940 2364 voluntas
1967 2331 2064 2363 seu
2092 2329 2250 2363 amor
2282 2320 2369 2364 est

502 2394 620 2458 ipse
655 2393 860 2443 homo:
905 2395 947 2443 si
982 2401 1282 2459 cogeretur
1314 2393 1485 2442 homo
1516 2393 1587 2442 ad
1619 2393 1672 2442 id
1707 2393 1855 2458 quod
1891 2409 2003 2442 non
2037 2391 2176 2452 vult,
2207 2390 2369 2441 incli-

504 2463 664 2520 nare't
693 2473 882 2521 animo
912 2489 1135 2538 semper
1164 2472 1234 2521 ad
1268 2472 1322 2521 id
1357 2472 1506 2537 quod
1534 2470 1655 2520 vult
1680 2489 1690 2533 ;
1734 2479 1788 2520 et
1818 2479 2112 2536 praeterea
2139 2470 2371 2536 quisque

503 2550 702 2599 nititur
735 2550 804 2599 ad
839 2552 1097 2610 vetitum,
1134 2559 1191 2600 et
1227 2550 1334 2600 hoc
1377 2567 1450 2599 ex
1491 2566 1659 2599 causa
1694 2549 1910 2599 latente
1952 2549 2079 2614 quia
2118 2547 2188 2598 ad
2230 2547 2368 2598 libe-

503 2644 640 2677 rum.
719 2627 857 2678 Inde
890 2638 1051 2695 patet
1085 2629 1235 2695 quod
1270 2629 1373 2678 nisi
1411 2628 1583 2678 homo
1617 2635 1907 2678 teneretur
1939 2628 1994 2676 in
2029 2627 2221 2686 libero,
2257 2624 2371 2677 noxi

504 2706 554 2756 ei
587 2707 867 2771 provideri
902 2715 1095 2773 posset
1129 2708 1354 2757 bonum.

608 2795 756 2849 272.
806 2783 1151 2849 Relinquere
1185 2783 1400 2832 homini
1437 2799 1511 2832 ex
1550 2799 1652 2832 suo
1686 2782 1863 2831 libero
1892 2782 2065 2831 etiarn
2094 2782 2368 2847 cogitare,

504 2862 668 2920 velle,
700 2869 756 2910 et
787 2869 1061 2925 quantum
1092 2877 1203 2910 non
1233 2860 1491 2909 inhibent
1526 2858 1701 2923 legeS,
1731 2858 1912 2908 facere
1942 2857 2169 2918 malum,
2200 2873 2370 2908 voca-

504 2950 594 2992 tur
627 2939 971 3006 permittere.

605 3028 758 3083 2¹73.
811 3016 955 3065 Duci
993 3015 1064 3065 ad
1103 3014 1287 3064 felicia
1324 3015 1378 3063 in
1419 3013 1631 3063 mundo
1669 3030 1766 3079 per
1794 3020 1964 3072 arteS,
1994 3019 2232 3078 apparet
2267 3011 2372 3062 ho-

506 3096 639 3146 mini
693 3096 835 3144 sicut
890 3095 961 3142 sit
1010 3110 1084 3142 ex
1108 3126 1110 3128 -
1134 3092 1356 3157 propria
1409 3090 1740 3156 prudentia;
1801 3090 1899 3139 sed
1947 3106 2118 3154 usque
2164 3088 2373 3154 jugiter

506 3175 811 3224 comitatur
870 3172 1072 3222 Divina
1130 3170 1488 3237 providentia
1546 3168 1931 3234 permittendo
1988 3176 2046 3218 et
2105 3169 2371 3218 continue

505 3252 841 3302 abducendo
882 3268 913 3300 a
954 3250 1140 3299 malo:
1192 3256 1250 3298 at
1291 3248 1419 3298 duci
1459 3247 1531 3296 ad
1572 3246 1753 3296 felicia
1793 3247 1846 3295 in
1889 3246 2067 3306 caelo,
2103 3247 2275 3296 scitur
2313 3253 2371 3296 et

507 3331 813 3397 percipitur
865 3329 1014 3395 quod
1068 3345 1180 3377 non
1234 3327 1305 3376 sit
1359 3343 1432 3375 ex
1486 3325 1709 3391 propria
1755 3325 2070 3390 prudentia,
2120 3324 2246 3389 quia
2297 3340 2371 3373 ex

508 3410 772 3467 Domin0‚
815 3417 872 3458 et
919 3407 980 3457 fit
1028 3424 1101 3456 ex
1151 3406 1356 3455 Divina
1401 3404 1580 3476 Ipsius
1622 3403 1978 3468 providentia
2017 3401 2372 3467 disponendo

506 3496 563 3538 et
598 3489 865 3537 continue
899 3485 1160 3536 ducendo
1193 3485 1264 3534 ad
1298 3485 1524 3533 bonum.

605 3575 759 3629 274.
809 3563 977 3628 Quod
1006 3563 1086 3611 ita
1109 3562 1199 3619 sit,
1225 3561 1398 3609 homo
1421 3575 1533 3608 non
1557 3575 1759 3623 capere
1784 3565 1979 3622 potest
2009 3573 2083 3606 ex
2114 3524 2371 3606 Naturae

507 3638 738 3699 lumine,
777 3655 905 3688 nam
942 3656 1013 3688 ex
1048 3638 1145 3687 illo
1180 3653 1291 3686 non
1326 3636 1431 3685 scit
1467 3634 1622 3699 leges
1656 3634 1865 3683 ordinis
1901 3633 2106 3682 Divini.

607 3727 761 3782 275.
813 3714 1116 3766 Sciendum
1150 3721 1237 3763 est
1270 3711 1419 3778 quod
1454 3711 1524 3760 sit
1553 3710 1913 3774 providentia
1940 3717 1997 3759 et
2029 3707 2370 3775 praeviden-
