2430 4256
373 432 443 484 70
1159 435 1444 478 CORONIS.

457 573 486 590 ‘¹
502 572 863 614 Devastabuntur
883 576 928 615 in
950 576 1099 615 medio
1118 583 1335 616 terrarum
1356 577 1704 626 devastatarum,
1730 586 1774 618 et
1794 580 1928 620 urbes
1949 580 2046 631 ejus
2076 582 2123 622 in
2143 594 2234 623 me-

587 628 662 667 dio
691 629 864 668 urbium
886 630 1200 671 desolatarum.
1264 658 1274 668 .
1295 662 1306 672 .
1328 663 1338 672 .
1359 662 1369 672 .
1431 632 1559 672 Tunc
1587 633 1702 672 dabo
1733 633 1893 673 fluvios
1914 636 2097 684 aridam,
2124 667 2134 678 .
2155 667 2166 678 .
2188 667 2199 678 .
2220 668 2231 678 .

588 690 749 721 terram
781 684 825 723 in
857 697 1038 724 manum
1071 685 1303 734 malorum,
1341 688 1611 738 vastaboque
1642 696 1804 727 terram
1838 697 1881 728 et
1911 690 2232 740 plenitudinem

587 737 683 787 ejus
699 737 720 752 ’'
742 737 910 787 (Ezech.
931 751 1033 779 xxx.
1057 748 1093 788 7,
1117 739 1209 790 12);

456 790 735 842 “Obtegam,
761 805 860 831 cum
892 794 1146 833 exstinxero
1177 802 1234 842 te,
1259 795 1419 842 caelos,
1445 803 1488 834 et
1517 797 1672 835 atrabo
1701 797 1853 836 stellas
1874 810 2030 838 eorum
2051 810 2062 847 ;
2091 798 2234 839 solem

587 847 702 885 nube
719 848 942 897 obtegam,
962 855 1006 887 et
1026 848 1132 887 luna
1147 861 1238 888 non
1260 848 1404 889 lucere
1421 849 1553 889 faciet
1573 850 1721 889 lumen
1740 863 1868 890 suum
1889 864 1897 899 ;
1930 882 1939 892 .
1961 883 1971 893 .
1993 883 2004 893 .
2025 883 2036 894 .
2055 860 2100 893 et
2118 853 2234 899 dabo

587 902 794 940 tenebras
834 914 967 952 super
1006 909 1168 942 terram
1174 933 1317 950 .....
1342 916 1443 943 cum
1478 905 1703 944 adduxero
1743 904 2093 948 confractionem
2128 908 2192 949 tui
2210 907 2234 923 ”

585 954 752 1004 (Ezech.
774 956 909 997 xxxii.
933 957 1027 1007 7—9)
1045 969 1054 1005 ;

369 1081 624 1133 similiter
662 1083 805 1133 sicut
846 1083 1121 1135 Dominus
1161 1085 1443 1152 praedixit
1483 1085 1552 1136 de
1591 1087 2081 1140 consummatione
2119 1088 2225 1141 Ec-

369 1160 574 1213 clesiae
608 1160 959 1213 Christianae
987 1163 1292 1214 hodiernae
1329 1162 1558 1230 (Mattlz.
1588 1166 1746 1215 xxiv.
1776 1166 1886 1233 29).

453 1294 481 1310 “
498 1292 624 1332 Dabo
661 1301 861 1332 montem
895 1294 990 1333 Seir
1019 1294 1063 1333 in
1095 1295 1350 1334 vastitatem
1381 1303 1424 1334 et
1454 1296 1838 1344 devastationem:
1870 1327 1879 1337 .
1902 1327 1912 1337 .
1934 1327 1944 1338 .
1967 1327 1978 1338 .
2001 1298 2233 1339 vastitates

584 1349 858 1387 aeternitatis
879 1349 993 1387 dabo
1015 1356 1057 1388 te
1071 1348 1094 1363 '’
1115 1349 1283 1395 (Ezech.
1305 1362 1437 1389 xxxv.
1459 1361 1496 1399 3,
1517 1361 1557 1399 4,
1580 1360 1617 1398 7,
1635 1363 1674 1401 9,
1700 1361 1762 1397 12,
1784 1362 1846 1400 14,
1870 1349 1937 1402 15)
1955 1363 1964 1400 ;

453 1401 550 1441 “In
580 1402 651 1441 die
681 1403 757 1441 illo
788 1403 974 1442 efferent
1005 1416 1138 1454 super
1167 1416 1249 1442 vos
1279 1405 1577 1454 proverbium,
1613 1436 1622 1444 .
1647 1436 1655 1444 .
1679 1436 1688 1445 .
1711 1436 1720 1446 .
1742 1412 1785 1444 et
1815 1406 1976 1454 dicent,
1999 1406 2231 1447 vastando

583 1458 746 1496 vastati
767 1469 920 1496 sumus
937 1457 959 1472 ”
982 1458 1137 1508 (sklz'clz.
1158 1455 1227 1498 ii.[¹]
1244 1457 1286 1508 4)
1303 1470 1312 1506 ;

453 1511 654 1597 “Timor[
674 1520 722 1597 ]et
750 1512 883 1551 fovea
911 1513 1096 1562 contigit
1125 1512 1269 1560 nobis,
1304 1513 1553 1552 devastatio
1583 1521 1627 1553 et
1657 1512 1942 1554 eonfraffio⁹³
1966 1513 2148 1565 (Taren.
2167 1515 2227 1557 iii.

587 1575 639 1614 47
656 1567 671 1590 ²
687 1567 728 1616 ):
1123 1573 1133 1581 ·

450 1619 585 1660 Mons
607 1620 758 1660 Zionis
786 1622 813 1638 ‘¹
827 1629 1026 1660 vastatus
1047 1620 1151 1660 est”
1172 1620 1353 1671 (Thren.
1374 1634 1415 1661 v.
1439 1621 1505 1669 18)
1523 1634 1531 1668 ;

452 1676 479 1692 ‘⁸
496 1674 820 1714 Consummata
840 1683 908 1714 est
928 1675 1137 1727 iniquitas
1159 1684 1247 1722 tua,
1269 1675 1359 1715 filia
1379 1675 1530 1715 Zionis
1544 1676 1566 1690 ’⁹
1583 1675 1651 1725 (Τ
1647 1677 1764 1718 hren.
1785 1677 1842 1718 iv.
1863 1677 1932 1729 22)
1949 1689 1958 1726 ;

451 1731 479 1747 “
494 1729 587 1769 Vae
626 1731 750 1780 genti
790 1731 1035 1780 peccatrici,
1077 1727 1284 1782 [populo]
1321 1731 1446 1780 gravi
1487 1730 1718 1781 iniquitate
1736 1744 1744 1778 ;
1789 1763 1798 1772 .
1821 1763 1830 1772 .
1853 1763 1862 1773 .
1882 1763 1892 1773 .
1931 1732 2229 1783 provocarunt

583 1783 796 1823 Sanctum
816 1784 1008 1824 Israelis.
1073 1815 1081 1825 .
1104 1815 1114 1825 .
1137 1816 1146 1825 .
1167 1815 1177 1824 .
1238 1785 1280 1824 A
1300 1785 1403 1823 vola
1423 1785 1548 1835 pedis
1566 1797 1704 1836 usque
1726 1787 1782 1826 ad
1803 1794 1934 1837 eaput
1954 1799 2046 1826 non
2066 1795 2136 1827 est
2164 1787 2232 1827 in-

581 1839 778 1888 tegritas.
842 1870 850 1879 .
873 1869 883 1878 .
906 1870 915 1879 .
938 1870 948 1879 .
1010 1839 1150 1884 Terra
1169 1846 1319 1879 vestra
1338 1839 1532 1879 solitudo
1548 1871 1558 1879 .
1581 1871 1590 1879 .
1613 1871 1622 1879 .
1646 1871 1655 1879 .
1678 1839 1850 1880 Relieta
1869 1849 1938 1881 est
1967 1841 2056 1881 filia
2075 1841 2229 1882 Zionis

581 1893 693 1932 sicut
722 1894 963 1932 tentorium
994 1893 1039 1932 in
1070 1894 1203 1933 vinea
1207 1924 1348 1942 .....
1374 1894 1486 1933 sicut
1504 1895 1620 1933 urbs
1641 1896 1828 1934 obsessa
1843 1894 1865 1909 ”
1896 1894 2035 1946 (Esai.
2068 1896 2096 1937 i.
2129 1907 2225 1948 4-9.

581 1947 721 1998 seq.);

449 2003 477 2020 ‘⁴
493 2001 609 2054 Quid
640 2002 810 2042 facietis
839 2002 912 2042 die
941 2002 1211 2042 visitationis
1241 2010 1285 2042 et
1311 2003 1664 2044 devastationis?
1721 2034 1730 2043 .
1749 2034 1759 2043 .
1782 2035 1791 2044 .
1812 2035 1822 2044 .
1884 2003 2228 2046 Consummatio

584 2064 652 2095 est
673 2058 867 2104 definita,
893 2057 1108 2096 inundata
1137 2065 1205 2096 est
1223 2057 1420 2108 justitia;
1451 2054 1599 2096 nam[³]
1621 2058 2057 2098 consummationem
2088 2066 2133 2098 et
2152 2059 2228 2099 de-

579 2111 794 2216 cisionpm
816 2112 993 2151 Adonai
1012 2111 1205 2164 Jehovih
1230 2111 1400 2151 faciens
1430 2112 1476 2150 in
1507 2119 1600 2151 tota
1622 2111 1774 2151 terra''
1796 2111 1936 2163 (Esai.
1960 2125 2004 2154 x,
2024 2111 2092 2163 35⁴1
2113 2125 2223 2166 seq.,

582 2175 646 2213 22,
669 2177 719 2214 23
755 2178 765 2215 ;

447 2221 476 2240 “
492 2219 938 2260 Consummationem
960 2227 1004 2260 et
1033 2220 1304 2260 decisionem
1326 2220 1474 2260 audivi
1503 2233 1530 2259 a
1556 2233 1655 2259 cum
1678 2221 1855 2260 Adonai
1877 2221 2069 2273 Jehovih
2089 2221 2227 2262 Zeba·

579 2276 656 2314 oth
677 2288 811 2326 super
830 2276 1084 2314 universam
1106 2272 1343 2314 terram[⁶]”
1360 2274 1501 2326 (Esai.
1521 2275 1672 2315 xxviii.
1695 2275 1764 2325 22)
1781 2287 1790 2322 ;

446 2329 670 2381 Propheta
690 2331 844 2369 cecidit
865 2342 996 2380 super
1018 2330 1153 2369 facies
1183 2337 1228 2369 et
1247 2330 1370 2376 dixit,
1400 2331 1428 2348 “
1442 2330 1618 2368 Adonai
1648 2329 1854 2381 Jehovih,
1880 2331 2226 2371 consummatio·

579 2397 682 2424 nem
705 2385 773 2424 Tu
794 2385 961 2423 faciens
984 2385 1178 2435 reliquiis
1202 2383 1382 2423 Israelis
1395 2383 1418 2399 ’²
1440 2383 1605 2434 (Ezeclz.
1627 2385 1685 2424 xi.
1707 2383 1772 2433 13)
1790 2396 1799 2428 ;

446 2437 798 2479 “Sanctuarium
829 2452 977 2478 meum
1008 2439 1291 2489 profanatum
1322 2445 1404 2486 est,
1428 2446 1472 2478 et
1502 2447 1620 2478 terra
1651 2439 1829 2478 Israelis
1855 2439 2090 2479 devastata
2116 2439 2224 2480 est”

577 2493 745 2544 (Ezeclc.
768 2506 870 2533 xxv.
893 2494 934 2543 3)
954 2505 962 2540 ;

443 2547 589 2588 Etiam
614 2546 690 2600 [si]
725 2548 893 2595 Noach,
922 2548 1083 2587 Daniel
1105 2555 1148 2587 et
1181 2547 1303 2586 Hiob
1325 2547 1490 2586 fuerint
1515 2548 1603 2586 “in
1626 2547 1773 2586 medio
1794 2547 1892 2598 ejus
1897 2577 2036 2594 .....
2053 2547 2116 2588 illi
2137 2548 2222 2589 soli

577 2603 833 2653 eripientur,
859 2610 977 2642 terra
996 2610 1145 2642 autern
1167 2602 1242 2641 fiet
1261 2602 1479 2641 desolatio
1494 2601 1516 2616 ’'
1538 2601 1707 2650 (Ezech.
1728 2602 1816 2642 xiv.
1840 2600 1922 2652 16).

360 2731 640 2784 Ultimum
681 2730 1184 2782 consummationis
1223 2729 1517 2781 Ecclesiae
1551 2729 1896 2780 Israeliticae
1935 2736 1993 2781 et
2028 2728 2220 2796 Judai-

359 2827 459 2862 cae
498 2807 785 2877 peractum
819 2817 907 2860 est
946 2808 1171 2875 quando
1205 2808 1481 2858 Dominus
1515 2816 1708 2858 noster
1746 2806 2025 2868 Salvator,
2058 2815 2219 2874 post-

358 2906 526 2957 quam
557 2890 778 2956 aecepit
811 2888 1109 2955 spongiam
1143 2887 1307 2948 aceti,
1343 2903 1507 2953 super
1538 2902 1701 2936 cruce
1734 2885 2098 2948 exclamavit,
2186 2887 2190 2892 ’

788 3024 815 3040 “
830 3022 1202 3061 Consummatum
1224 3027 1292 3061 est
1307 3019 1330 3036 ’'
1350 3019 1476 3073 (Joh.
1494 3020 1582 3060 xix.
1605 3030 1670 3070 29,
1693 3018 1764 3070 30)
1782 3031 1792 3067 ;

357 3148 488 3182 nam
520 3131 722 3182 dicitur
753 3129 900 3197 apud
935 3129 1232 3190 Davidem,

442 3257 470 3274 ‘⁴
485 3254 714 3294 Dederunt
734 3254 778 3292 in
800 3254 945 3292 cibum
967 3264 1116 3291 meum
1146 3252 1219 3299 fel,
1243 3259 1287 3291 et
1308 3251 1353 3291 in
1375 3251 1447 3291 siti
1477 3263 1577 3290 mea
1598 3258 1810 3301 potarunt
1831 3249 1906 3290 Me
1926 3256 2051 3290 aceto
2069 3261 2079 3299 ;
2110 3279 2122 3292 .
2142 3279 2153 3291 .
2171 3280 2182 3291 .
2200 3280 2212 3292 .

573 3309 630 3348 sit
650 3308 863 3347 habitatio
885 3319 1038 3347 eorum
1060 3307 1294 3347 devastata
1311 3305 1334 3322 ”
1354 3306 1536 3357 (Psalm.
1557 3305 1662 3345 lxix.
1684 3315 1749 3352 22,
1771 3306 1823 3344 26
1847 3302 1921 3357 [B.
1939 3306 1999 3346 A.
2019 3314 2085 3352 21,
2106 3301 2212 3356 25]).

357 3404 434 3456 Et
467 3404 597 3455 alibi
617 3420 628 3453 :

441 3517 469 3534 ‘⁸
485 3516 590 3556 Sine
611 3527 745 3554 causa
764 3514 1041 3554 occultarunt
1064 3512 1176 3552 Mihi
1197 3512 1374 3552 foveam
1396 3512 1516 3559 retis,
1538 3512 1635 3551 sine
1656 3523 1789 3550 causa
1809 3510 2017 3550 foderunt
2036 3509 2213 3549 animae

572 3582 712 3609 meae.
782 3569 944 3608 Veniat
978 3569 1018 3607 ei
1051 3567 1315 3615 devastatio,
1350 3574 1588 3617 antequam
1624 3566 1762 3611 sciat;
1806 3595 1816 3605 .
1838 3595 1848 3605 .
1871 3595 1881 3604 .
1901 3595 1910 3605 .
1930 3564 1976 3603 in
2009 3564 2212 3603 devasta-

573 3625 742 3663 tionem
778 3623 957 3662 incidat.
1021 3653 1030 3662 .
1050 3653 1059 3662 .
1080 3653 1088 3662 .
1110 3653 1118 3662 .
1182 3621 1333 3661 Reduc
1371 3621 1567 3660 animam
1607 3632 1753 3659 meam
1793 3631 1820 3658 a
1858 3618 2212 3658 devastatoribus

572 3690 742 3725 eorum,
768 3686 811 3716 et
840 3690 867 3716 a
895 3676 1096 3727 juvencis
1127 3676 1306 3716 leonum
1336 3676 1513 3715 unicam
1544 3673 1735 3721 meam,’'
1757 3674 1841 3712 hoc
1870 3681 1953 3722 est,
1970 3672 2208 3712 Ecclesiam

571 3732 752 3782 (Psalm.
774 3745 906 3770 xxxv.
930 3741 965 3779 7,
988 3732 1025 3778 8,
1050 3731 1115 3780 17)
1134 3743 1143 3776 ;
