2496 4250
603 384 683 427 ET
721 382 861 438 EJUS
898 382 1229 424 DOCTRINA
1266 383 1724 425 CAELEST1.—N.
1758 385 1871 438 140.
2096 375 2162 441 87

391 522 538 583 Quod
557 522 888 568 conscientiae
911 521 1054 565 dolor
1069 521 1133 566 sit
1150 522 1264 579 angi
1284 529 1484 578 propter
1506 521 1688 565 malum
1707 522 1841 580 quod
1861 522 2012 567 homo
2030 522 2163 574 facit,

302 590 359 627 ut
380 591 431 626 et
454 589 658 639 propter
679 581 1007 637 privationem
1030 580 1147 624 boni
1171 557 1245 624 etz³
1244 581 1345 624 veri
1372 582 1438 635 (n.
1462 582 1612 635 7217)

373 639 520 709 Quia
544 639 757 683 tentatio
783 648 858 683 est
884 653 1050 696 pugna
1070 639 1173 683 veri
1207 647 1257 683 et
1290 638 1396 683 falsi
1430 639 1479 682 in
1515 639 1829 684 interioribus
1861 639 2091 690 hominis,
2115 649 2165 683 et

299 699 418 756 quia
453 698 501 742 in
536 698 896 742 tentationibus
931 706 1006 741 est
1040 697 1183 741 dolor
1215 706 1266 741 et
1297 699 1532 748 anxietas,
1556 699 1689 755 quod
1727 699 1840 742 ideo
1873 712 1972 742 non
2005 699 2087 742 alii
2116 699 2163 741 in

297 757 601 802 tentationes
627 757 907 814 spirituales
940 757 1268 800 admittantur
1293 770 1441 814 quam
1474 756 1558 815 qui
1591 758 1946 802 conscientiam
1981 758 2164 802 habent

301 817 367 872 (n-
385 815 507 871 847)-

387 921 486 981 Qui
517 921 872 967 conscientiam
899 922 1098 972 habent,
1122 921 1256 980 quod
1289 935 1350 966 ex
1381 922 1532 967 corde
1563 922 1831 980 loquantur
1851 930 1901 967 et
1923 931 2073 981 agant
2099 925 2163 978 (n.

299 991 425 1038 7935,
450 983 600 1037 9114),
637 1003 660 1017 ==

436 1040 485 1083 ui
507 1039 861 1084 conscientiam
885 1039 1083 1089 habent,
1107 1039 1240 1096 quod
1266 1038 1314 1082 in
1336 1053 1518 1083 vanum
1542 1053 1643 1084 non
1665 1040 1832 1107 jurent
1857 1041 1922 1095 (n.
1943 1041 2092 1095 2842).

435 1098 484 1142 ui
525 1098 878 1143 conscientiam
922 1099 1120 1148 habent,
1158 1099 1292 1155 quod
1336 1098 1384 1141 in
1427 1099 1734 1142 beatitudine
1777 1099 2008 1143 interiore
2051 1099 2164 1149 sint,

296 1158 497 1216 quando
519 1156 708 1201 faciunt
729 1157 915 1200 bonum
938 1166 988 1200 et
1009 1157 1197 1214 justum
1221 1157 1494 1200 secundum
1517 1157 1872 1201 conscientiam
1895 1160 1959 1213 (n.
1979 1171 2028 1225 91
2043 1158 2129 1225 18).

386 1215 484 1274 Qui
506 1216 860 1260 conscientiam
895 1215 942 1258 in
971 1216 1160 1259 mundo
1182 1216 1380 1266 habent,
1404 1217 1538 1272 quod
1561 1217 1710 1260 etiam
1734 1217 2089 1260 conscientiam
2115 1217 2162 1260 in

295 1274 450 1320 altera
470 1275 573 1318 vita
595 1275 821 1324 habeant,
844 1288 901 1318 ac
929 1275 994 1317 ibi
1018 1275 1146 1318 inter
1166 1273 1333 1318 felices
1355 1275 1455 1318 sint
1481 1276 1546 1331 (n.
1569 1275 1690 1330 965).

385 1332 534 1392 Quod
569 1333 784 1390 influxus
813 1333 935 1378 caeli
963 1333 1027 1377 sit
1054 1333 1103 1376 in
1130 1333 1486 1377 conscientiam
1512 1335 1644 1390 apud
1667 1334 1919 1378 hominem
1947 1336 2012 1390 (n.
2034 1335 2162 1389 6207,

294 1392 424 1448 6213,
447 1393 599 1448 9122).

385 1450 533 1519 Quod
570 1450 815 1495 Dominus
849 1458 986 1518 regat
1017 1451 1272 1495 hominem
1315 1450 1623 1507 spiritualem
1666 1465 1754 1508 per
1794 1452 2162 1502 conscientiam,

295 1523 421 1568 quae
443 1510 487 1554 ei
511 1517 586 1554 est
606 1509 858 1553 vinculum
883 1510 1131 1553 internum
1158 1512 1223 1566 (n.
1252 1510 1542 1565 1835,1862)

357 1567 482 1637 Qui
504 1568 859 1612 conscientiam
882 1569 1079 1619 habent,
1098 1570 1232 1625 quod
1252 1568 1535 1612 interiorem
1554 1569 1907 1626 cogitationem
1926 1570 2162 1620 habeant,

294 1616 386 1685 qui
404 1635 570 1671 autem
594 1641 693 1670 non
717 1627 1072 1671 conscientiam
1097 1628 1295 1678 habent,
1313 1628 1448 1685 quod
1473 1604 1644 1672 modos,
1647 1628 2004 1686 cogitationem
2029 1638 2164 1673 exte—

296 1687 474 1732 riorem
499 1687 712 1730 habeant
737 1688 802 1753 (n.
830 1699 953 1742 1919,
983 1687 1128 1742 1935).

383 1744 481 1804 Qui
504 1745 857 1789 conscientiam
883 1746 1080 1795 habent,
1098 1745 1233 1802 quod
1256 1759 1317 1789 ex
1339 1745 1582 1802 spirituali
1605 1746 1854 1803 cogitent,
1886 1746 1971 1803 qui
1995 1755 2161 1790 autem

294 1818 395 1849 non
418 1804 772 1848 conscientiam
797 1804 995 1854 habent,
1018 1805 1153 1861 quod
1181 1805 1332 1848 modo
1350 1818 1410 1847 ex
1433 1805 1644 1848 naturali
1672 1805 1896 1863 cogitent
1921 1808 1986 1860 (n.
2015 1806 2161 1860 1820).

383 1862 481 1922 Qui
509 1876 610 1907 non
636 1863 992 1907 conscientiam
1020 1864 1217 1914 habent,
1244 1864 1379 1920 quod
1413 1864 1565 1907 modo
1591 1864 1781 1908 externi
1809 1864 2036 1908 homines
2063 1865 2163 1909 sint

317 1935 364 1966 n
383 1923 536 1977 4459)

297 1923 316 1978 (
383 1979 531 2039 Quod
576 1979 822 2024 Dominus
862 1981 985 2030 illos,
1018 1981 1103 2038 qui
1137 1994 1236 2024 non
1271 1980 1627 2024 conscientiam
1660 1981 1858 2032 habent,
1895 1990 2034 2039 regat
2077 1996 2164 2039 per

293 2040 491 2084 vincula
522 2047 738 2090 externa,
766 2054 891 2097 quae
929 2048 1045 2083 sunt
1076 2039 1244 2083 omnia
1275 2054 1400 2096 quae
1426 2049 1542 2083 sunt
1568 2040 1750 2084 amoris
1782 2041 1856 2084 sui
1891 2050 1941 2084 et
1974 2042 2160 2090 mundi,

292 2112 351 2143 ac
392 2099 507 2142 inde
531 2098 726 2142 timoris
751 2097 969 2155 jacturae
1002 2098 1174 2148 famae,
1202 2098 1419 2148 honOris,
1444 2097 1726 2150 functionis,
1754 2099 1889 2150 lucri,
1917 2113 2083 2157 opum,
2105 2113 2163 2143 ac

293 2157 487 2201 timoris
510 2157 631 2214 legis
654 2166 705 2200 et
725 2158 857 2201 vitae
882 2157 1250 2213 (n.1077‚1o8o,
1280 2158 1425 2213 1835).

383 2215 530 2274 Quod
560 2216 643 2273 qui
675 2217 1030 2260 conscientiam
1065 2230 1164 2260 non
1198 2217 1395 2266 habent,
1423 2223 1472 2260 et
1504 2230 1660 2273 usque
1692 2231 1744 2260 se
1776 2217 2034 2274 patiuntur
2059 2218 2162 2275 regi

293 2288 380 2343 per
394 2275 593 2319 vincula
616 2274 696 2318 illa
713 2284 928 2324 externa,
946 2276 1079 2332 quod
1103 2289 1259 2332 usque
1277 2274 1414 2332 fungi
1438 2284 1622 2332 queant
1640 2275 1813 2319 officiis
1830 2276 2161 2320 eminentibus

293 2335 343 2378 in
370 2333 571 2384 mundo,
594 2346 652 2376 ac
677 2335 861 2378 bonum
890 2333 1049 2378 facere
1075 2347 1230 2390 aeque
1257 2347 1314 2377 ac
1340 2334 1423 2401 qui
1450 2334 1803 2378 conscientiam
1832 2335 2042 2386 habent;
2074 2336 2160 2378 sed

293 2393 361 2437 illi
390 2393 439 2436 in
466 2402 669 2436 externa
694 2393 853 2436 forma
874 2407 934 2436 ex
956 2393 1166 2436 vinculis
1188 2393 1416 2443 externis,
1441 2393 1491 2435 hi
1517 2402 1684 2437 autem
1713 2393 1761 2436 in
1789 2394 1982 2437 interna
2004 2393 2163 2440 forma

291 2465 354 2496 ex
372 2452 582 2496 vinculis
606 2452 811 2496 internis
837 2453 901 2508 (n.
924 2451 1083 2507 6707[?
1106 2452 1281 2507 6207]).

381 2566 481 2625 Qui
504 2566 859 2611 conscientiam
878 2581 976 2610 non
996 2566 1194 2617 habent,
1212 2566 1346 2624 quod
1364 2566 1520 2610 velint
1537 2566 1790 2611 destruere
1805 2567 2160 2611 conscientiam

289 2627 423 2683 apud
447 2626 557 2670 illos
579 2625 662 2682 qui
687 2626 872 2669 habent
893 2626 1131 2693 (n.182o).

380 2683 478 2742 Qui
505 2698 605 2728 non
633 2685 987 2728 conscientiam
1022 2685 1070 2727 in
1099 2685 1286 2728 mundo
1308 2685 1506 2735 habent,
1529 2658 1663 2741 quod
1692 2698 1782 2728 nec
1805 2685 2160 2729 conscientiam

291 2743 342 2788 in
364 2745 519 2787 altera
542 2743 646 2787 vita
667 2743 882 2793 habeant
909 2745 972 2799 (n.
997 2745 1095 2799 965,
1119 2744 1270 2799 9122).

382 2802 517 2852 Inde,
535 2802 669 2870 quod
687 2801 818 2858 apud
842 2802 953 2845 illos
975 2802 1059 2859 qui
1082 2802 1131 2845 in
1156 2802 1348 2845 inferno
1365 2810 1494 2851 sunt,
1511 2815 1613 2845 non
1635 2802 1699 2846 sit
1721 2802 1899 2860 aliquis
1916 2803 2161 2847 cruciatus

290 2861 623 2906 conscientiae
646 2869 847 2918 propter
869 2861 998 2904 mala
1018 2874 1107 2905 sua
1131 2861 1179 2903 in
1204 2861 1391 2904 mundo
1416 2862 1482 2916 (n.
1505 2861 1604 2917 965,
1628 2862 1779 2917 9122).

380 2966 741 3011 Conscientiosi
764 2966 968 3024 quinam
995 2974 1046 3011 et
1071 2967 1242 3024 quales
1269 2974 1397 3017 sunt,
1420 2974 1471 3010 et
1497 2980 1645 3023 quam
1674 2967 1883 3018 molesti,
1906 2975 1956 3012 et
1981 2967 2160 3025 quibus

292 3027 718 3082 correspondent'
706 3040 755 3068 m
783 3027 971 3069 mundo
994 3026 1236 3082 spirituali
1264 3027 1328 3080 (n.
1355 3025 1480 3080 5386,
1507 3027 1655 3081 5724).

380 3083 527 3143 Quod
552 3084 620 3127 illi
643 3085 727 3141 qui
751 3098 777 3128 e
804 3098 956 3142 regno
980 3085 1221 3141 spirituali
1248 3084 1449 3127 Domini
1476 3093 1607 3134 sunt,
1631 3085 1984 3128 conscientiam
2010 3084 2159 3129 habe-

289 3152 389 3194 ant,
412 3152 463 3187 et
488 3143 622 3200 quod
645 3157 704 3187 ea
724 3143 936 3187 formata
962 3143 1025 3187 sit
1059 3144 1106 3186 in
1141 3151 1278 3199 parte
1305 3156 1475 3186 eorum
1500 3141 1818 3187 intelle<fluali
1849 3145 1912 3198 (n.
1938 3143 2035 3198 863,
2061 3144 2157 3200 865,

291 3202 389 3258 875,
413 3202 510 3258 895
534 3212 633 3257 927,
662 3214 785 3256 1043
813 3214 936 3255 1644
966 3212 1087 3257 1555
1109 3214 1162 3244 22
1170 3201 1235 3257 56,
1253 3201 1382 3256 4328,
1406 3213 1535 3257 4493
1563 3212 1687 3258 5113,
1706 3202 1834 3257 6367,
1853 3202 1980 3258 8521,
2000 3203 2159 3259 9506[?

289 3261 440 3317 9596],
464 3261 622 3328 9935[;>
644 3262 793 3316 9915],
817 3271 946 3316 9995,
971 3262 1144 3328 16124);
1183 3319 1192 3327 ,
1315 3318 1324 3327 ,
1354 3318 1362 3327 ,
1779 3319 1787 3328 ,
1952 3319 1961 3328 ,
2007 3319 2015 3328 ,

379 3318 527 3377 Quod
550 3319 693 3363 aliter
713 3334 766 3363 se
788 3320 968 3362 habeat
989 3333 1102 3362 cum
1127 3319 1220 3362 1111s
1243 3333 1326 3375 qul
1352 3332 1399 3361 1n
1425 3332 1575 3376 regno
1590 3319 1789 3363 caelesti
1815 3318 2018 3363 Dom1n1
2041 3327 2159 3364 sunt

291 3379 358 3435 (n.
381 3389 480 3434 927,
505 3378 632 3434 2256,
659 3388 784 3434 5113,
808 3378 938 3434 6367,
963 3378 1090 3434 8521,
1115 3377 1272 3434 9935[Ρ
1295 3378 1444 3434 9915],
1468 3388 1597 3434 9995,
1629 3378 1806 3432 16124),

289 3527 436 3575 140.
476 3518 553 3561 De
571 3518 892 3574 Perceptz'one.

378 3615 526 3674 Quod
550 3617 802 3674 perceptio
833 3617 897 3662 sit
922 3617 1090 3662 videre
1111 3617 1231 3675 quid
1254 3631 1426 3663 verum
1452 3625 1503 3663 et
1534 3618 1720 3663 bonum
1744 3631 1830 3676 per
1854 3619 2092 3663 influxum
2127 3633 2156 3664 a

293 3673 509 3730 Domino
535 3677 599 3732 (n.
624 3688 721 3728 202,
745 3676 843 3733 895,
866 3676 995 3731 7680,
1017 3677 1169 3733 9128).
