2496 4250
424 423 477 471 iv
761 429 1098 471 SAPIENTIA
1137 429 1462 470 ANGELICA
1501 429 1584 468 DE
1623 427 1948 482 CONJUGIO.

550 573 675 627 Quod
690 579 829 613 tamen
847 572 891 612 in
906 571 1062 611 mundo
1076 570 1275 624 spirituali
1295 583 1438 610 omnes
1453 570 1754 624 conjungantur
1766 570 1906 625 quoad
1923 568 2160 612 affecstiones
2173 583 2284 612 amo·

636 636 690 677 ris
709 636 887 676 internas
906 635 963 690 (n.
981 635 1165 686 814-823
1187 640 1259 683 [De
1273 642 1359 674 Am.
1382 641 1499 682 Com‘„
1516 651 1551 674 n.
1570 634 1676 690 273]).

555 733 680 787 Quod
703 733 814 785 apud
834 732 940 772 viros
965 731 1046 771 sint
1068 729 1307 771 affefflones
1331 730 1528 779 internae,
1553 738 1594 771 et
1621 729 1733 783 apud
1754 729 1931 770 feminas
1953 729 2193 772 affe-stiones
2213 743 2284 772 ex·

635 803 774 836 ternae
798 795 857 851 (n.
875 794 1067 847 824—832
1089 800 1162 843 [De
1180 801 1266 833 Am.
1292 801 1409 841 Conj.,
1426 811 1460 834 ιι.
1479 811 1532 842 32,
1546 802 1599 841 88,
1615 793 1691 850 89).

553 893 678 946 Quod
698 892 748 932 sit
766 891 924 932 infinita
943 891 1117 931 varietas
1138 890 1401 931 affectionum
1420 891 1671 931 internarum
1690 891 1801 944 apud
1816 891 1936 940 viros,
1953 897 1994 931 et
2011 890 2168 932 infinita
2191 891 2281 946 [va-

630 955 772 1066 rietas)]
796 954 1062 995 affeffionum
1083 961 1341 994 externarum
1360 954 1472 1008 apud
1491 954 1664 995 feminas
1688 955 1747 1011 (n.
1767 954 1960 1007 833-840
1975 960 2048 1003 [De
2059 961 2146 994 Am.
2164 961 2281 1002 Confi,

633 1027 668 1050 n.
687 1017 740 1059 36]
769 1042 776 1050 .

552 1106 676 1159 Quod
701 1106 819 1145 detur
843 1106 1127 1146 convenientia
1151 1111 1192 1146 et
1215 1105 1568 1145 disconvenientia
1590 1106 1695 1146 inter
1717 1105 1954 1146 affectiones
1977 1106 2158 1147 internas
2175 1106 2280 1146 viro·

630 1183 721 1210 rum
742 1177 781 1210 et
805 1171 908 1210 inter
926 1169 1163 1210 affectiones
1191 1178 1378 1210 externas
1398 1169 1643 1209 feminarum
1666 1170 1781 1226 (vide
1788 1177 1920 1225 porro
1941 1167 2194 1226 Similitudo)
2218 1169 2280 1227 (n.

593 1267 595 1269 ,
631 1233 816 1285 841-844
836 1239 909 1282 [De
921 1242 1008 1273 Am.
1032 1240 1148 1280 Coml,
1164 1250 1200 1274 ιι.
1219 1250 1292 1282 195,
1308 1233 1418 1289 227]).

549 1332 617 1372 De
630 1331 963 1371 inclinationibus
986 1337 1026 1370 et
1048 1329 1346 1380 affectionibus,
1366 1344 1439 1371 seu
1463 1330 1724 1383 qualitatibus
1751 1330 1931 1371 virorum
1955 1337 1997 1371 et
2019 1330 2278 1379 feminarum,

631 1401 671 1435 et
695 1396 747 1435 de
771 1394 1060 1448 conjunCtione
1086 1395 1247 1434 illarum
1269 1408 1343 1448 per
1365 1395 1623 1448 conjugium:
1654 1394 1814 1435 articuli
1837 1396 1974 1448 plures
1996 1395 2056 1453 (n.
2075 1403 2184 1447 2047
2204 1401 2279 1444 [Dc

627 1459 714 1490 Am.
738 1457 855 1497 Conj.‚
871 1467 906 1490 n.
924 1458 1047 1498 88—91‚
1065 1449 1176 1505 218]).

408 1571 743 1615 Amicitia—De
773 1573 903 1612 causis
932 1572 1094 1621 amoris,
1119 1572 1336 1623 amicitiae,
1361 1578 1401 1612 et
1430 1571 1579 1613 favoris
1607 1572 1712 1612 inter
1736 1573 1930 1626 conjuges
1962 1572 2024 1630 (n.
2041 1572 2274 1626 1586-1640

628 1634 701 1677 [De
715 1636 799 1667 Am.
824 1635 940 1674 Coryl,
959 1644 994 1666 n.
1014 1635 1086 1674 180,
1105 1645 1178 1674 214,
1197 1627 1308 1683 290]).

544 1725 669 1778 Quod
689 1725 788 1764 dum
808 1724 912 1764 inter
926 1724 1121 1776 conjuges
1142 1730 1202 1763 est
1222 1736 1349 1773 amor,
1365 1724 1489 1764 etiam
1508 1725 1559 1765 sit
1577 1724 1757 1764 amicitia
1774 1730 1814 1765 et
1833 1724 1948 1765 favor
1967 1725 2024 1779 (n.
2042 1725 2275 1779 1588-1590

629 1786 702 1828 [De
716 1788 803 1818 Am.
827 1786 947 1826 Conj.,
965 1796 999 1818 n.
1020 1787 1092 1825 180,
1109 1797 1183 1826 214,
1199 1783 1310 1836 290]).

543 1877 666 1929 Quod
686 1876 719 1915 si
738 1877 843 1916 inter
862 1876 1055 1929 conjuges
1074 1888 1159 1915 non
1178 1881 1238 1918 est
1258 1875 1498 1928 conjugialis
1518 1876 1735 1930 spiritualis
1755 1890 1882 1925 amor,
1897 1890 2026 1932 usque
2044 1878 2171 1931 possit
2185 1890 2273 1918 esse

625 1940 802 1980 amicitia
832 1946 871 1979 et
894 1939 1036 1989 favor;
1081 1946 1120 1980 et
1148 1939 1260 1992 quod
1289 1939 1322 1979 si
1346 1940 1446 1980 inter
1472 1940 1564 1980 illos
1588 1953 1672 1979 non
1695 1947 1755 1980 est
1778 1941 1969 1991 amicitia,
1993 1954 2123 1995 usque
2145 1942 2274 1995 possit

622 2017 710 2044 esse
734 2004 860 2052 favor,
870 2003 957 2112 )hoc
981 2010 1052 2053 est,
1073 2003 1239 2043 moralis
1259 2004 1369 2044 vitae
1390 2003 1563 2044 civilitas
1583 2005 1640 2059 (n.
1657 2013 1879 2057 1591—1594
1902 2011 1974 2054 [De
1987 2013 2074 2045 Am.
2097 2012 2214 2053 conj„
2234 2021 2271 2046 n.

624 2067 698 2106 278,
715 2067 865 2107 287-293
894 2090 903 2099 .

540 2155 665 2208 Quod
689 2155 850 2195 interna
872 2168 944 2195 seu
967 2155 1186 2208 spiritualis
1211 2167 1334 2195 causa
1356 2156 1505 2195 amoris
1534 2162 1575 2196 et
1598 2157 1804 2196 amicitiae
1834 2157 2077 2211 conjugialis
2099 2158 2151 2199 sit
2173 2171 2273 2200 vera

620 2219 765 2271 religio
784 2218 843 2275 (n.
862 2227 1091 2271 1595-1597
1114 2225 1187 2268 [De
1200 2227 1286 2258 Am.
1310 2226 1427 2267 Conj.,
1443 2235 1478 2259 n.
1498 2228 1572 2267 238,
1589 2238 1663 2268 239,
1680 2219 1790 2276 531]).

539 2284 648 2323 Tum
668 2283 779 2336 quod
799 2283 958 2336 utrique
978 2283 1029 2323 sit
1049 2284 1195 2323 eadem
1213 2284 1358 2336 religio
1381 2284 1441 2338 (n.
1458 2284 1680 2335 1598-1601
1702 2291 1774 2333 [De
1788 2292 1874 2324 Am.
1899 2292 2015 2333 conj„
2032 2302 2067 2326 n.
2082 2284 2194 2342 242]).

539 2347 663 2400 Quod
688 2347 810 2457 etiarr)1
834 2347 884 2387 sit
900 2360 951 2386 ex
971 2346 1170 2400 religione
1193 2347 1334 2400 fugere
1355 2347 1555 2388 adulteria
1577 2347 1636 2404 (n.
1657 2349 1887 2388 1602—1606
1907 2355 1979 2398 [De
1992 2357 2079 2391 Am.
2099 2357 2216 2399 Conj„
2231 2367 2267 2391 n.

624 2409 786 2450 147-149]
814 2434 823 2442 ·

537 2498 662 2550 Quod
681 2498 839 2538 interna
858 2505 898 2538 et
917 2498 1130 2550 spiritualis
1151 2510 1276 2538 causa
1294 2499 1443 2538 amoris
1465 2499 1704 2552 conjugialis
1724 2499 1774 2539 sit
1793 2499 2016 2540 similitudo
2040 2500 2268 2541 animarum

619 2569 659 2602 et
682 2562 894 2610 mentium,
915 2569 955 2602 et
984 2563 1097 2615 quod
1119 2569 1288 2602 externa
1310 2575 1383 2602 seu
1411 2563 1605 2603 naturalis
1630 2575 1754 2602 causa
1775 2563 1827 2603 sit
1848 2564 2071 2604 similitudo
2093 2578 2266 2616 morum,

617 2639 666 2667 ac
687 2633 815 2736 {tatus
839 2634 879 2666 et
903 2628 1145 2667 conditionis
1173 2627 1218 2667 in
1245 2627 1439 2668 societate
1472 2627 1530 2682 (n.
1552 2627 1783 2668 1606-1608
1807 2634 1879 2676 [De
1896 2636 1984 2668 Am.
2007 2634 2123 2676 conj„
2138 2646 2173 2669 n.
2191 2637 2266 2677 246,

618 2689 693 2730 250]
720 2714 728 2722 .

536 2779 660 2831 Quod
681 2785 847 2818 externa
867 2791 938 2817 seu
959 2777 1154 2817 naturalis
1175 2790 1297 2817 causa
1316 2778 1464 2818 amoris
1484 2791 1556 2818 seu
1577 2777 1778 2818 amicitiae
1798 2779 1902 2819 inter
1917 2780 2109 2834 conjuges
2124 2780 2176 2820 sit
2194 2793 2264 2834 po-

617 2842 742 2882 tentia
766 2841 824 2897 (n.
842 2842 955 2893 1609,
978 2841 1104 2897 1610).

535 2906 660 2959 Quod
683 2907 805 2946 etiam
823 2906 873 2945 sit
896 2906 1138 2946 abstinentia
1160 2918 1186 2945 a
1203 2905 1447 2945 scortatione
1467 2918 1519 2945 ex
1538 2917 1783 2959 quacunque
1803 2918 1938 2955 causa,
1956 2907 2189 2948 modo·non
2213 2920 2266 2948 ex

617 2970 855 3023 impotentia
878 2969 937 3025 (n.
955 2969 1189 3022 1611-1614).

535 3066 660 3119 Quod
680 3066 802 3106 etiam
822 3066 873 3105 sit
891 3065 1164 3105 indifferentia
1178 3065 1315 3105 uxoris
1334 3065 1389 3104 ad
1407 3063 1522 3105 adius
1539 3066 1732 3115 Veneris;
1764 3078 1812 3106 ac
1827 3066 1938 3116 inde,
1954 3074 1994 3107 et
2013 3068 2263 3122 quandoque

616 3143 688 3182 per
710 3129 1096 3182 tergiversationem,
1117 3129 1324 3182 persuasio
1343 3129 1476 3168 mariti
1500 3129 1611 3182 quod
1634 3142 1737 3169 uxor
1759 3143 1833 3170 sua
1852 3130 2006 3184 absque
2030 3132 2143 3171 omni
2166 3144 2262 3172 con-

616 3194 863 3246 cupiscentia
883 3193 936 3232 ad
957 3193 1047 3232 illos
1066 3193 1118 3233 sit
1140 3192 1199 3248 (n.
1217 3191 1426 3244 1615—1617
1449 3197 1520 3240 [De
1534 3200 1621 3232 Am.
1642 3199 1757 3240 conj„
1773 3210 1808 3233 n.
1827 3210 1901 3242 259,
1918 3199 2021 3247 2941)-

534 3289 658 3342 Quod
674 3290 796 3329 etiam
816 3289 867 3328 sit
887 3302 1001 3328 amor
1019 3288 1222 3328 infantum
1241 3295 1281 3329 et
1300 3288 1519 3328 liberorum
1535 3289 1693 3342 utrique
1714 3291 1942 3331 communis
1963 3291 2022 3348 (n.
2039 3291 2260 3334 1618-1622

616 3350 688 3393 [De
702 3353 788 3383 Am.
813 3351 928 3391 Coryss,
945 3361 979 3383 n.
998 3352 1071 3391 284,
1088 3362 1162 3391 404,
1180 3346 1286 3397 409]).

534 3440 658 3493 Quod
678 3440 728 3480 sit
742 3439 952 3488 industria,
968 3440 1173 3489 sedulitas,
1188 3452 1235 3480 ac
1250 3439 1520 3492 intelligentia
1534 3440 1740 3493 utriusque
1756 3441 1798 3480 in
1813 3440 1895 3481 suis
1915 3441 2071 3491 officiis,
2088 3449 2128 3483 et
2147 3442 2258 3482 auxi·

614 3504 715 3613 liun)1
733 3511 921 3544 mutuum
944 3504 987 3543 in
1015 3503 1259 3557 quibusdam
1286 3502 1346 3560 (n.
1369 3503 1598 3554 1622-1624
1618 3510 1691 3552 [De
1708 3512 1794 3544 Am.
1819 3511 1934 3553 conj„
1949 3522 1985 3545 n.
2004 3513 2078 3553 164,
2095 3513 2167 3553 165,
2185 3513 2257 3554 176,

616 3565 690 3607 283]
717 3590 726 3599 .

533 3655 659 3707 Quod
689 3655 812 3695 etiam
841 3656 892 3696 sit
914 3655 1132 3709 prudentia
1155 3655 1496 3696 accommodandi
1524 3669 1568 3696 se
1597 3656 1762 3697 alterius
1784 3664 1951 3698 naturae
1979 3662 2020 3699 et
2041 3657 2165 3711 genio
2195 3657 2255 3710 (ιι.

614 3719 840 3771 1625-1627
868 3725 940 3768 [De
953 3727 1039 3759 Am.
1058 3726 1174 3766 Conj„
1190 3736 1224 3758 n.
1241 3727 1314 3766 282,
1331 3719 1440 3775 29⁴1)-
