2496 4250
416 407 486 463 42
1097 408 1182 450 DE
1220 408 1603 451 CHARITATE.

584 587 614 616 st
890 587 918 615 ἥ
1193 587 1222 615 -Χ-
1498 589 1526 616 -Χ-
1791 589 1821 618 ‹tt-
2087 587 2121 621 ff

868 736 996 791 [Duo
1015 737 1085 777 bic
1094 737 1447 791 pem'eruntfhlia
1468 752 1520 778 ex
1540 737 1837 792 autographa]

1275 1223 1426 1292 [IX]

423 1386 634 1455 [QUOD
679 1398 1015 1440 BENEFImA
1060 1399 1445 1439 CHARITArls
1485 1399 1624 1439 SINT
1664 1398 1870 1439 OMNIA
1908 1398 2078 1440 BONA
2115 1398 2283 1451 QUAE

629 1481 831 1531 HOMO,
861 1481 967 1532 QUI
1006 1481 1116 1521 EST
1155 1481 1488 1531 CHARITAS,
1519 1481 1703 1521 FAc1T
1730 1482 1943 1521 EXTRA
1970 1481 2135 1523 SUUM
2174 1481 2281 1522 or-

627 1563 845 1605 FICIUM
884 1563 967 1603 EX
1006 1563 1588 1617 LIBERO.—Expagina
1608 1551 1763 1620 sexta]

582 1753 613 1783 ἱ·
887 1754 917 1783 -Χ-
1192 1754 1221 1782 ἥ
1495 1752 1525 1782 Ι·
1789 1753 1820 1783 {-
2087 1755 2118 1783 {-

414 2029 455 2074 4.
501 2029 620 2077 Quod
634 2043 757 2073 nemo
777 2030 973 2072 salvetur
989 2041 1070 2084 pet·
1090 2027 1291 2070 beneficia
1310 2027 1395 2076 ῘΙΙα,
1419 2027 1502 2070 sed
1522 2040 1603 2083 pet·
1622 2027 1874 2070 char-itatem
1895 2039 1948 2070 ex
1967 2040 2050 2084 qua
2069 2027 2142 2070 ma
2163 2029 2278 2076 fiunt,

582 2098 627 2137 et
644 2094 708 2137 sic
728 2107 838 2149 quae
857 2093 899 2135 in
920 2092 1134 2135 beneficiis
1154 2091 1241 2134 illae’s
1262 2095 1342 2134 est.

522 2206 802 2260 Beneficia
832 2205 927 2258 illa
953 2213 1082 2257 sunt
1122 2214 1288 2257 extra
1314 2205 1631 2280 hominem„
1645 2212 1703 2256 at
1743 2204 1983 2256 charitas
2010 2211 2097 2256 est
2135 2203 2282 2255 intra

415 2287 586 2349 illum,
616 2295 673 2338 et
713 2287 942 2353 quisque
971 2284 1218 2336 salvatur
1253 2285 1558 2335 secundum
1597 2282 1759 2350 quale
1797 2283 1929 2334 boni
1967 2300 2063 2334 seu
2102 2282 2279 2333 chari·-

415 2368 548 2418 tatis
587 2367 642 2417 in
681 2365 793 2416 illo.
869 2363 1119 2430 Plerique
1160 2371 1287 2429 post
1316 2371 1574 2423 mortem,
1604 2363 1695 2428 qui
1733 2363 1787 2412 in
1827 2361 2035 2412 mundo
2062 2361 2279 2427 cogita·

414 2452 614 2496 verunt
655 2444 723 2494 de
764 2442 943 2493 salute
972 2460 1086 2503 sua,
1117 2443 1243 2508 quia
1282 2449 1413 2492 tunc
1442 2441 1635 2491 vident
1664 2457 1722 2490 se
1750 2440 1924 2500 viVOS‚
1953 2447 2010 2490 et
2050 2438 2280 2491 audiunt

415 2523 564 2590 quod
592 2522 811 2574 coelum
834 2529 890 2572 et
917 2521 1188 2571 infernum
1215 2521 1343 2580 sint,
1363 2519 1658 2569 venditant
1681 2518 1829 2584 quod
1857 2517 2006 2568 bona
2026 2517 2278 2579 fecerint,

414 2602 671 2652 dederint
734 2599 1081 2666 pauperibuS‚
1136 2597 1395 2664 opitulati
1446 2598 1556 2647 sint
1619 2596 2015 2662 indigentibuS‚
2068 2595 2280 2663 aliquas

414 2687 635 2745 sportas
663 2677 1003 2729 contulerint
1032 2677 1102 2728 ad
1142 2694 1268 2727 usus
1309 2677 1443 2742 pios,
1520 2674 1631 2726 Sed
1671 2675 1871 2725 dicitur
1897 2674 2019 2735 illis,
2051 2674 2143 2725 Ex
2171 2693 2281 2742 qua

414 2759 627 2824 origine
664 2757 870 2807 fecistis
912 2756 1022 2807 illa.
1099 2755 1246 2805 Num
1275 2755 1489 2821 fugistis
1518 2753 1665 2804 mala
1702 2761 1763 2804 ut
1805 2760 2054 2819 peccata.
2130 2753 2279 2805 Num

414 2836 763 2902 cogitavistis
792 2835 860 2885 de
888 2834 1010 2885 illis.
1089 2833 1330 2899 Quidam
1358 2832 1701 2898 respondent
1731 2831 1879 2898 quod
1911 2831 2077 2882 fidem
2105 2831 2278 2883 habu-

413 2916 573 2965 erint.
650 2913 760 2964 Sed
789 2914 1004 2973 dicitur,
1035 2911 1091 2963 Si
1119 2929 1231 2962 non
1259 2911 1640 2977 cogitaveritis
1668 2910 1737 2961 de
1760 2910 1919 2961 malis
1947 2918 2005 2961 ut
2034 2912 2280 2976 peccatis

414 2993 560 3059 apud
582 3010 698 3054 VOS,
723 2992 1005 3059 quomodo
1027 2991 1319 3056 potueritis
1341 2989 1506 3040 fidem
1529 2990 1749 3040 habere.
1806 2989 1971 3039 Fides
1993 2997 2049 3040 et
2072 2988 2279 3040 malum

416 3088 526 3122 non
543 3089 600 3122 se
617 3071 979 3136 conjungunt.
1023 3069 1208 3135 Quare
1224 3069 1509 3135 inquiritur
1524 3069 1638 3119 vita
1656 3067 1769 3133 ejus
1785 3068 1836 3118 in
1851 3065 2131 3118 functione
2144 3066 2277 3132 ejuS,

416 3166 546 3200 num
570 3158 798 3215 propter
819 3149 1040 3209 famam,
1064 3148 1335 3198 honorem
1357 3154 1414 3197 et
1437 3146 1665 3206 lucrum,
1689 3154 1748 3197 ut
1772 3144 2092 3212 principalia
2112 3144 2277 3206 bona,

417 3246 543 3278 usus
571 3226 866 3278 functionis
894 3244 1024 3277 suae
1053 3226 1261 3288 fecerit,
1290 3226 1368 3275 ita
1395 3232 1623 3290 propter
1650 3241 1726 3284 se,
1750 3222 1839 3274 vel
1880 3239 2010 3272 num
2051 3231 2280 3289 propter

417 3307 750 3372 proximum.
805 3305 1012 3356 Dicunt
1032 3304 1181 3371 quod
1204 3304 1342 3354 haec
1362 3319 1473 3353 non
1493 3302 1851 3352 distinxerint
1873 3302 1966 3351 ita.
2019 3300 2277 3366 Respon-

417 3386 595 3444 detur,
621 3383 676 3435 Si
704 3381 1088 3449 spectaveritis
1111 3382 1181 3432 ad
1212 3382 1393 3432 Deum
1416 3389 1472 3431 et
1501 3380 1748 3446 fugeritis
1771 3378 1918 3430 mala
1939 3386 1998 3430 ut
2026 3387 2278 3445 peccata,

417 3471 549 3513 tunc
579 3462 673 3512 illa
700 3463 809 3512 duo
837 3479 894 3512 se
923 3480 996 3512 ex
1024 3478 1082 3511 se
1111 3461 1477 3526 distinguunt,
1499 3460 1624 3525 quia
1652 3459 1923 3508 Dominus
1950 3457 2242 3523 distinguit
2265 3475 2276 3520 ;

418 3549 474 3591 et
503 3548 771 3607 quantum
800 3557 911 3591 non
941 3540 994 3590 id
1032 3539 1282 3609 fecerint,
1311 3555 1383 3588 ex
1413 3537 1561 3587 malo
1601 3545 1658 3587 et
1699 3553 1810 3587 non
1838 3554 1910 3586 ex
1949 3536 2099 3586 bono
2136 3534 2280 3586 sece-

417 3620 542 3669 rint.
620 3619 748 3684 Ipsa
769 3615 987 3668 affectio
1010 3617 1244 3683 cujusvis
1273 3616 1716 3667 communicatur
1742 3615 1794 3664 in
1823 3614 2030 3664 mundo
2057 3613 2278 3679 spiritu-

419 3695 507 3758 ali,
537 3699 593 3748 et
622 3697 935 3747 ostenditur
963 3695 1137 3763 qualis
1165 3703 1251 3746 est
1274 3713 1285 3759 ;
1327 3702 1383 3746 et
1407 3694 1580 3760 qualis
1609 3694 1724 3759 ipse
1753 3700 1837 3744 est
1860 3691 2042 3759 quoad
2069 3687 2276 3742 affecti-
