2496 4250
578 471 658 511 ET
698 469 835 524 EJUS
875 469 1202 510 DOCTRINA
1242 467 1696 509 CAELEST1.-N.
1733 458 1812 522 38.
2060 466 2124 523 35

1130 863 1268 932 [111.]

315 1036 486 1126 *DE
546 1066 938 1128 INTERNO
1006 1067 1114 1126 ET
1174 1066 1602 1126 EXTERNO
1667 1065 2046 1125 HOMINE.

1092 1263 1304 1272 ---

331 1346 380 1381 6.

297 1353 328 1389 3
534 1393 705 1446 OMO
738 1395 817 1446 ita
849 1402 1070 1446 creatus
1104 1403 1191 1446 est
1233 1402 1292 1446 ut
1328 1394 1489 1444 simul
1525 1395 1595 1445 εἱῖ
1635 1395 1689 1444 in
1730 1394 1940 1444 mundo
1974 1393 2132 1459 spiri-

285 1391 519 1620 H
581 1474 718 1525 tuali
758 1482 816 1524 et
861 1474 915 1523 in
957 1474 1166 1524 mundo
1207 1473 1466 1523 naturali.
1546 1473 1789 1522 Mundus
1830 1472 2133 1539 spiritualis

582 1561 668 1604 est
697 1553 787 1603 ubi
817 1561 946 1603 sunt
980 1552 1184 1618 angeli,
1217 1560 1273 1603 et
1307 1553 1546 1602 mundus
1576 1552 1847 1603 naturalis
1881 1553 1972 1602 ubi
2001 1560 2132 1602 sunt

582 1632 856 1682 homines.
951 1630 1028 1681 Et
1074 1632 1202 1697 quia
1247 1631 1419 1681 homo
1463 1632 1541 1681 ita
1589 1638 1811 1681 creatus
1858 1639 1965 1691 est,
2007 1631 2134 1680 ideo

273 1711 468 1762 datum
497 1718 584 1762 est
613 1711 662 1760 ei
689 1710 971 1759 internum
995 1717 1051 1759 et
1081 1717 1381 1759 externum
1408 1728 1416 1771 ;
1456 1711 1739 1760 internum
1765 1726 1862 1775 per
1884 1709 2032 1775 quod
2062 1710 2135 1758 sit

272 1790 334 1852 in,
356 1789 566 1839 mundo
593 1787 886 1854 spirituali,
912 1795 1212 1838 externum
1243 1805 1339 1854 per
1368 1788 1515 1854 quod
1545 1789 1615 1837 sit
1645 1788 1698 1837 in
1728 1788 1938 1837 mundo
1968 1795 2133 1837 natu-

273 1867 389 1918 rali.
467 1868 759 1918 Internum
806 1866 922 1932 ejus
968 1874 1055 1916 est
1096 1868 1244 1932 quod
1285 1876 1519 1917 vocatur
1558 1868 1811 1917 internus
1851 1866 2040 1926 homo,
2076 1874 2134 1916 et

273 1955 575 1998 externum
609 1945 758 2012 quod
790 1953 1028 1996 vocatur
1061 1953 1334 1995 externus
1368 1946 1555 1995 homo,

370 2037 482 2093 37·
530 2026 850 2092 Unicuique
883 2026 1098 2075 homini
1138 2034 1225 2076 est
1258 2027 1539 2076 internum
1581 2033 1638 2076 θῖ
1676 2033 2000 2086 externum,
2035 2027 2134 2076 sed

273 2102 437 2154 aliter
468 2103 616 2169 apud
656 2103 836 2152 bonos
877 2110 934 2152 et
974 2102 1138 2152 aliter
1177 2104 1323 2168 apud
1365 2104 1559 2153 malos.
1655 2103 1947 2153 Internum
1987 2103 2135 2169 apud

273 2179 575 2232 bonos’est
608 2181 663 2231 in
698 2179 858 2231 caelo
892 2188 948 2231 et
983 2180 1098 2246 ejus
1129 2180 1268 2238 luce,
1299 2189 1355 2231 et
1398 2191 1699 2232 externum
1739 2182 1793 2231 in
1827 2181 2039 2232 mundo
2078 2190 2136 2232 et

274 2259 389 2325 ejus
423 2260 579 2323 luce3
621 2267 678 2310 et
718 2259 855 2310 haec
898 2259 997 2309 lux
1032 2260 1177 2325 apud
1211 2259 1337 2309 illos
1372 2259 1718 2308 illuminatur
1749 2275 1781 2307 a
1814 2257 1939 2308 luce
1973 2258 2134 2318 caeli,

276 2347 334 2390 et
367 2340 444 2390 sic
478 2339 625 2405 apud
659 2338 786 2388 illos
819 2338 1102 2388 internum
1131 2346 1188 2388 θῖ
1222 2346 1525 2388 externum
1560 2353 1728 2386 unum
1763 2345 1959 2402 agunt,
1992 2338 2136 2388 sicut

275 2433 442 2468 causa
471 2416 718 2468 efficiens
751 2424 808 2467 θῖ
838 2415 1083 2477 θξῗθξῖυε,
1115 2434 1210 2466 seu
1245 2418 1386 2467 sicut
1422 2418 1569 2482 prius
1599 2424 1656 2466 et
1686 2417 1981 2481 posterius.
2052 2415 2137 2466 At

275 2494 423 2561 apud
464 2494 644 2545 malos
685 2495 969 2545 internum
1010 2503 1096 2545 θεῖ
1137 2496 1191 2544 in
1228 2496 1437 2544 mundo
1473 2503 1528 2545 θῖ
1562 2496 1615 2544 in
1657 2494 1772 2559 ejus
1807 2494 1948 2554 luce,
1984 2511 2047 2544 ac
2081 2495 2136 2544 in

276 2573 476 2624 eadem
516 2574 688 2624 etiam
728 2581 1065 2636 externum;
1110 2582 1454 2639 quapropter
1494 2573 1630 2623 nihil
1663 2573 1859 2623 vident
1899 2590 1972 2622 ex
2012 2572 2137 2622 luce

277 2651 435 2711 caeli,
467 2651 566 2702 sed
597 2650 778 2701 solum
807 2669 880 2702 ex
911 2651 1033 2702 luce
1062 2653 1271 2711 mundi,
1315 2669 1456 2717 quae
1487 2651 1582 2700 lux
1618 2650 1734 2717 [ab]
1766 2651 1874 2700 illis
1903 2659 2139 2701 vocatur

277 2728 467 2780 lumen
509 2729 791 2780 Naturae:
834 2731 965 2780 inde
1005 2738 1092 2780 θεῖ
1133 2731 1282 2796 quod
1323 2730 1418 2779 illa
1460 2748 1600 2796 quae
1641 2729 1780 2780 caeli
1821 2737 1951 2779 sunt
1986 2730 2048 2778 iis
2082 2730 2137 2778 in

278 2807 521 2873 caligine
554 2809 683 2868 sint,
720 2816 778 2859 et
817 2826 959 2874 quae
1000 2809 1190 2858 mundi
1232 2816 1362 2858 sunt
1403 2809 1455 2857 in
1499 2808 1638 2857 luce.
1716 2807 1809 2856 Ex
1850 2807 1934 2856 his
1976 2815 2136 2872 patet

278 2887 428 2952 quod
461 2886 622 2936 bonis
662 2887 733 2938 sit
776 2887 1029 2937 internus
1063 2886 1235 2936 homo
1271 2895 1327 2936 θῖ
1363 2896 1634 2936 externus
1668 2886 1856 2944 hom0‚
1894 2894 1952 2935 at
1987 2885 2136 2952 quod

278 2963 439 3014 malis
474 2981 586 3015 non
620 2966 691 3015 sit
724 2967 977 3015 internus
1010 2965 1183 3015 homo
1217 2966 1314 3015 sed
1351 2965 1530 3014 solum
1561 2973 1849 3014 externus.

375 3044 493 3110 38.
542 3045 808 3095 Internus
847 3046 1021 3095 homo
1060 3053 1148 3095 θεῖ
1188 3046 1278 3110 qui
1318 3053 1556 3094 vocatur
1595 3044 1903 3109 spiritualis
1943 3045 2135 3103 thO,

279 3123 407 3189 quia
438 3130 524 3173 θεῖ
554 3123 608 3172 in
637 3122 759 3172 luce
788 3122 945 3182 caeli,
977 3139 1119 3188 quae
1149 3121 1246 3171 lux
1281 3130 1367 3171 θεῖ
1399 3121 1733 3187 spiritualis;
1776 3129 1832 3171 θῖ
1867 3129 2138 3170 externus

278 3200 451 3250 homo
494 3208 582 3250 est
627 3202 718 3267 qui
765 3209 1000 3250 vocatur
1047 3199 1318 3250 naturalis
1370 3199 1557 3258 homO,
1601 3200 1728 3264 quia
1774 3207 1861 3249 θεῖ
1913 3200 1966 3248 in
2016 3199 2139 3249 luce

281 3279 491 3338 mundi,
526 3296 667 3345 quae
702 3278 800 3328 lux
830 3287 916 3329 θεῖ
951 3278 1236 3328 naturalis.
1317 3277 1507 3327 Homo
1542 3277 1693 3342 cujus
1727 3278 2010 3327 internum
2050 3285 2138 3327 θεῖ

279 3357 334 3406 in
363 3355 486 3407 luce
515 3356 656 3407 caeli
685 3365 742 3407 et
766 3365 1063 3407 externum
1098 3357 1151 3405 in
1182 3355 1303 3406 luce
1329 3356 1536 3414 mundi,
1562 3358 1605 3405 is
1635 3355 1936 3421 spiritualis
1966 3355 2138 3404 homo

282 3441 371 3484 est
411 3434 596 3500 quoad
637 3442 966 3500 utrumque3
1016 3442 1074 3484 at
1114 3434 1284 3484 homo
1319 3434 1468 3498 cujus
1502 3435 1783 3483 internum
1818 3450 1929 3483 non
1964 3442 2050 3483 θεῖ
2082 3434 2138 3482 in

282 3510 407 3562 luce
430 3512 588 3571 caeli,
615 3513 712 3562 sed
744 3512 924 3562 solum
953 3514 1007 3562 in
1037 3512 1158 3562 luce
1182 3512 1372 3561 mundi
1401 3513 1454 3560 in
1478 3529 1587 3577 quo
1615 3512 1786 3561 etiam
1815 3519 2135 3570 externum,

279 3590 327 3639 is
360 3590 630 3640 naturalis
664 3590 835 3640 homo
875 3599 962 3640 θεῖ
997 3590 1181 3656 quoad
1222 3599 1534 3655 utrumque.
1611 3588 1925 3655 Spiritualis
1966 3589 2138 3639 homo

282 3674 369 3717 est
409 3668 499 3733 qui
538 3668 592 3717 in
626 3668 819 3718 Verbo
852 3677 1087 3719 vocatur
1122 3668 1373 3728 “vivus‚”
1403 3675 1460 3718 at
1503 3667 1772 3718 naturalis
1824 3667 1996 3718 homo
2046 3668 2137 3733 qui

282 3753 516 3796 vocatur
552 3746 900 3797 “mortuus''
