2496 4250
645 415 724 455 ET
764 412 900 467 EJUS
942 411 1272 454 DOCTRINA
1311 411 1632 452 CAELESTI.
1636 413 1766 452 —N.
1797 415 1879 468 23.
2132 416 2196 468 23

422 555 568 614 Quod
597 555 744 599 etiam
767 568 883 598 vera
909 567 960 598 se
986 560 1272 611 agnoscant,
1295 566 1352 596 ac
1379 560 1553 597 mutuo
1575 553 1924 619 consocientur
1948 555 2013 610 (n.
2037 528 2198 609 9079).
2190 565 2201 575 ·

332 623 381 659 et
404 615 537 672 quod
562 614 657 658 hoc
679 613 743 658 sit
764 627 825 657 ex
848 613 1033 656 influxu
1057 612 1178 656 caeli
1198 613 1263 667 (n.
1287 613 1437 668 9079).

421 728 568 788 Quod
591 730 776 773 bonum
800 728 864 772 sit
886 741 992 772 esse
1014 727 1158 776 vitae,
1178 741 1235 770 ac
1257 741 1427 771 verum
1451 727 1661 771 existere
1678 728 1809 772 vitae
1830 728 1967 779 inde;
2001 737 2049 772 et
2063 729 2197 784 quod

331 788 402 834 sic
425 789 608 832 bonum
635 801 778 832 suum
805 787 1014 831 existere
1036 786 1167 829 vitae
1195 787 1373 829 habeat
1407 786 1455 828 in
1477 799 1609 833 vero.
1633 800 1690 830 ac
1712 800 1882 830 verum
1915 801 2060 830 suum
2093 800 2198 830 esse

331 846 463 891 vitae
486 846 535 890 in
558 847 690 890 bono
715 847 780 901 (n.
806 857 933 900 3049,
960 845 1087 900 3180,
1110 855 1240 900 4574,
1269 855 1394 900 5002,
1419 843 1578 900 9144[?
1602 846 1772 900 9154]).

423 905 544 949 Inde
581 905 715 962 quod
750 918 898 948 omne
934 904 1119 947 bonum
1159 904 1338 947 habeat
1371 918 1514 947 suurn
1550 917 1735 954 verum,
1763 912 1812 947 et
1846 917 1994 948 omne
2026 918 2197 948 verum

330 977 474 1008 suum
491 965 691 1013 bonum,
715 964 831 1020 quia
852 964 1038 1006 bonurn
1061 963 1246 1019 absque
1268 976 1387 1006 vero
1414 976 1513 1006 non
1540 962 1721 1012 existit,
1745 971 1795 1006 et
1817 976 1990 1006 verum⁴
2014 964 2198 1019 absque

330 1023 463 1067 bono
486 1036 585 1066 non
608 1030 682 1066 est
709 1023 774 1077 (n.
797 1021 948 1077 9637).

419 1081 547 1124 Tum
570 1081 702 1138 quod
726 1082 909 1124 bonurn
935 1080 1114 1127 habeat
1130 1093 1269 1123 suam
1289 1079 1498 1123 formam
1521 1088 1571 1123 et
1594 1094 1736 1124 suurn
1755 1080 1898 1137 quale
1921 1094 1949 1123 a
1970 1080 2111 1130 veris,
2132 1081 2199 1123 ita

330 1141 464 1197 quod
487 1154 656 1184 verum
681 1139 744 1183 sit
767 1139 926 1183 forma
946 1147 996 1182 et
1018 1139 1162 1196 quale
1186 1139 1301 1182 boni
1328 1139 1393 1194 (n.
1410 1151 1538 1195 3049,
1553 1149 1683 1195 4574,
1699 1139 1858 1195 6951[?
1874 1139 2023 1195 6916],
2039 1138 2198 1195 9454[?

330 1199 502 1255 9154])-
704 1257 712 1266 ,
1721 1257 1729 1266 ‚
2020 1257 2028 1265 ,
2165 1258 2173 1266 ‚

422 1257 484 1301 Et
508 1257 641 1314 quod
675 1271 745 1301 Slc
762 1271 932 1300 verum
956 1264 1007 1300 et
1032 1257 1217 1300 bonum
1245 1257 1459 1300 debeant
1484 1270 1590 1301 esse
1617 1255 1895 1314 conjuncta,
1914 1265 1969 1311 ut
1991 1265 2090 1301 sint
2112 1258 2197 1301 ali-

331 1317 903 1433 qu¹glglc1>d13÷d<{)bonum
923 1374 971 1417 in
990 1383 1229 1431 perpetuo
1252 1384 1433 1418 conatu
1453 1383 1502 1418 et
1517 1374 1763 1419 desiderio
1781 1375 1844 1419 sit
1862 1375 2197 1434 conjungendi

330 1434 422 1478 sibi
445 1447 560 1478 vera
584 1435 650 1489 (n.
673 1434 802 1489 9206,
826 1444 964 1489 9495;
997 1434 1312 1484 illustratum,
1337 1448 1382 1477 n.
1406 1434 1557 1489 9207).

415 1492 476 1536 Et
498 1493 632 1549 quod
655 1506 771 1536 vera
793 1506 844 1536 se
866 1492 1082 1536 vicissim
1107 1506 1219 1535 curn
1242 1494 1376 1536 bono
1401 1494 1466 1549 (n.
1490 1493 1642 1548 9206).

418 1550 566 1610 Quod
593 1550 880 1608 conjunctio
907 1551 1158 1608 reciproca
1184 1551 1260 1602 sit,
1285 1551 1402 1595 boni
1430 1565 1542 1595 cum
1565 1565 1697 1602 vero,
1722 1559 1771 1595 et
1794 1552 1895 1595 veri
1923 1566 2036 1596 cum
2063 1552 2197 1596 bono

331 1611 397 1666 (n
418 1610 783 1728 &ggdggoffum
817 1677 943 1727 agat,
967 1677 1017 1713 et
1042 1683 1214 1713 verum
1247 1678 1428 1727 reagat,
1452 1670 1538 1714 sed
1571 1683 1631 1713 ex
1664 1670 1796 1713 bono
1831 1671 1896 1725 (n.
1916 1680 2043 1726 3155,
2066 1633 2196 1726 4380,

327 1738 458 1784 4757
485 1727 610 1784 5928
639 1730 813 1783 10729)

418 1785 565 1846 Quod
598 1801 715 1831 vera
751 1786 974 1844 spectent
1018 1801 1160 1831 suum
1198 1788 1382 1831 bonum
1420 1796 1475 1831 ut
1513 1787 1807 1844 principium
1846 1796 1896 1831 et
1938 1788 2086 1832 finem
2129 1791 2196 1843 (n.

327 1847 479 1902 4353)

413 1953 559 2013 Quod
579 1954 866 2012 conjunGtio
890 1955 989 1998 veri
1023 1968 1134 1998 curn
1162 1955 1295 1998 bono
1318 1968 1369 1998 se
1394 1955 1572 1998 habeat
1604 1955 1733 1999 sicut
1767 1955 2044 2012 progressio
2066 1955 2197 1999 vitae

327 2012 544 2057 hominis
587 2014 648 2057 ab
692 2013 911 2063 infantia,
955 2014 1088 2070 quod
1133 2013 1345 2069 primurn
1389 2014 1583 2056 hauriat
1618 2027 1734 2057 vera
1770 2013 2053 2064 scientifice,
2082 2015 2196 2058 dein

328 2072 646 2123 rationaliter,
680 2073 881 2116 demum
921 2071 1067 2116 faciat
1106 2072 1187 2115 illa
1227 2086 1344 2116 suae
1386 2073 1518 2116 vitae
1562 2073 1627 2127 (n.
1672 2071 1830 2128 3025[?
1874 2074 2021 2128 3203],
2068 2073 2195 2128 3665,

419 2189 579 2234 Etiam
607 2190 735 2234 sicut
761 2204 872 2233 cum
907 2190 1055 2247 prole,
1081 2190 1216 2247 quod
1250 2190 1569 2247 concipiatur,
1594 2189 1658 2233 sit
1691 2190 1739 2233 in
1773 2199 1927 2238 utero,
1954 2199 2195 2241 nascatur,

327 2249 590 2298 adolescat,
614 2249 773 2305 sapiat
797 2250 862 2304 (n.
887 2249 1015 2304 3298,
1041 2261 1168 2304 3299,
1195 2249 1322 2304 3308,
1349 2249 1476 2305 3665,
1502 2249 1650 2304 3690).

465 2308 564 2350 uod
587 2308 736 2350 etiam
759 2321 811 2351 se
835 2308 1014 2351 habeat
1036 2308 1163 2351 sicut
1185 2321 1297 2350 curn
1321 2308 1591 2352 seminibus
1614 2317 1663 2351 et
1690 2307 1843 2351 humo
1868 2310 1932 2364 (n.
1958 2308 2107 2364 3671).

459 2374 479 2409 t
501 2367 629 2410 sicut
651 2380 763 2409 cum
786 2380 914 2423 aqua
935 2367 996 2409 ad
1022 2380 1198 2423 panem
1225 2368 1290 2422 (n.
1313 2367 1464 2422 4976).

375 2432 379 2435 “
416 2423 563 2482 Quod
598 2425 755 2481 prima
786 2424 983 2468 affectio
1009 2425 1111 2468 veri
1145 2439 1244 2468 non
1278 2425 1342 2468 sit
1368 2425 1596 2483 genuina,
1621 2426 1707 2470 sed
1731 2427 1867 2482 quod
1891 2427 2019 2470 sicut
2043 2426 2195 2471 homo

327 2483 588 2540 perficitur,
614 2483 900 2540 purificetur
924 2486 989 2539 (n.
1014 2496 1142 2538 3040,
1167 2484 1315 2539 3089).

327 2542 330 2547 '
416 2541 563 2600 Quod
597 2556 751 2609 usque
777 2543 908 2586 bona
934 2551 983 2586 et
1009 2557 1124 2586 vera
1150 2557 1260 2586 non
1277 2543 1492 2610 genuina
1519 2543 1788 2587 inserviant
1816 2544 2194 2588 introducendis

326 2601 468 2644 bonis
495 2610 544 2644 et
566 2601 693 2645 veris
725 2601 965 2658 genuinis,
989 2610 1039 2645 et
1061 2603 1195 2658 quod
1229 2602 1392 2658 priora
1414 2611 1587 2658 postea
1609 2603 1951 2663 relinquantur
1975 2604 2040 2659 (n.
2065 2603 2192 2659 3665,

327 2659 455 2715 369Ο
481 2670 608 2715 3974
634 2660 760 2715 3982
786 2660 912 2716 3986
936 2661 1087 2715 4145)

417 2770 584 2821 Porro,
608 2772 741 2828 quod
775 2772 927 2815 homo
959 2772 1169 2816 ducatur
1201 2786 1286 2829 per
1315 2785 1432 2816 vera
1462 2773 1524 2816 ad
1559 2774 1757 2823 bonum,
1792 2782 1841 2817 et
1875 2787 1975 2818 non
2007 2775 2191 2832 absque

325 2829 452 2873 veris
477 2832 542 2884 (n.
572 2842 724 2883 10124‚
754 2831 927 2885 10367).

415 2887 466 2932 Si
490 2889 642 2932 homo
666 2903 763 2932 non
787 2889 999 2932 addiscit
1021 2903 1106 2933 seu
1131 2889 1304 2946 recipit
1326 2903 1454 2939 vera,
1478 2890 1612 2946 quod
1639 2891 1824 2940 bonum
1855 2905 1954 2934 non
1989 2891 2191 2936 influere

326 2947 494 3003 possit,
519 2947 587 2990 ita
608 2948 741 3004 quod
765 2948 917 2991 homo
940 2961 1040 2991 non
1063 2948 1167 2992 fieri
1194 2948 1351 3015 possit
1373 2948 1640 3005 spiritualis
1665 2951 1730 3005 (n.
1752 2950 1900 3004 3387)

419 3005 565 3064 Quod
590 3005 878 3062 conjunCtio
900 3007 1017 3050 boni
1041 3016 1090 3081 et
1111 3008 1212 3050 veri
1241 3007 1325 3050 fiat
1347 3007 1618 3051 secundum
1644 3007 2002 3050 incrementum
2026 3005 2196 3064 cogns-

328 3064 526 3108 tionum
551 3066 617 3119 (n.
642 3066 791 3119 3141).

419 3121 568 3181 Quod
590 3136 707 3167 vera
728 3123 1027 3179 recipiantur
1047 3137 1076 3166 a
1097 3124 1320 3180 quolibet
1344 3123 1616 3167 secundum
1640 3131 1839 3180 captum
1867 3125 1931 3179 (n.
1957 3124 2106 3179 3385).

465 3221 564 3264 uod
587 3234 703 3264 vera
725 3221 959 3265 naturalis
983 3221 1197 3265 hominis
1221 3222 1320 3264 sint
1343 3221 1615 3265 scientifica
1650 3223 1714 3276 (n.
1740 3234 1866 3276 3293,
1892 3235 2019 3278 3309,
2045 3225 2194 3278 3310).

328 3337 386 3380 60
466 3279 565 3323 uod
589 3279 860 3323 scientifica
877 3288 926 3323 et
948 3281 1259 3337 cognitiones
1278 3281 1377 3324 sint
1400 3281 1527 3324 sicut
1544 3294 1662 3324 vasa
1688 3283 1752 3335 (n.
1771 3282 1899 3334 6004,
1918 3281 2046 3336 6023,
2065 3283 2194 3337 6052,

387 3338 631 3393 71‚6077)-

290 3444 301 3449 r,
417 3396 564 3455 Quod
590 3410 706 3440 vera
730 3396 830 3440 sint
854 3411 972 3441 vasa
1003 3397 1134 3446 boni,
1159 3397 1274 3453 quia
1301 3397 1588 3454 recipientia
1624 3400 1688 3452 (11.
1717 3397 1869 3453 1946[?
1899 3398 2041 3453 1496],
2072 3411 2194 3454 1900,

330 3455 456 3510 2063,
482 3455 608 3505 2261,
633 3456 759 3511 2269,
785 3455 911 3511 3318,
937 3456 1063 3511 3365,
1090 3456 1239 3510 3368).

418 3513 565 3572 Quod
593 3514 775 3557 bonum
807 3514 979 3557 influat
1006 3529 1092 3570 per
1112 3514 1240 3557 viam
1272 3514 1515 3557 internam
1543 3528 1627 3558 seu
1655 3515 1848 3558 animae
1875 3516 2006 3571 apud
2036 3516 2194 3559 homi-

329 3585 457 3622 nem,
480 3585 595 3615 vera
626 3580 791 3615 autem
826 3586 911 3628 per
932 3573 1062 3615 viam
1097 3581 1350 3616 externam
1384 3586 1469 3616 seu
1502 3573 1702 3616 auditus
1734 3583 1784 3616 et
1805 3574 1952 3623 visus,
1978 3583 2027 3618 et
2059 3576 2192 3632 quod

329 3630 696 3686 coniungantur
719 3630 767 3674 in
792 3631 1106 3675 interioribus
1130 3632 1235 3688 ejus
1259 3645 1287 3674 a
1311 3631 1528 3678 Domino
1555 3634 1619 3687 (n.
1645 3644 1771 3688 3030,
1798 3633 1946 3687 3098).
