2496 4250
500 402 579 442 ET
618 400 757 455 EJUS
796 399 1125 441 DOCTRINA
1163 398 1619 440 CAELEST1.—-N.
1647 401 1731 454 90.
1980 387 2047 452 63

189 543 314 611 plus
342 543 413 595 ab
440 542 668 593 homine
696 539 970 592 ecclesiae
998 541 1245 608 requirit,
1271 555 1438 607 quam
1468 547 1528 591 ut
1557 540 1712 591 vivat
1741 540 2049 591 secundum

187 623 244 674 id
275 622 424 689 quod
458 622 582 671 scit.

287 702 399 768 87.
449 700 596 766 Quia
626 700 839 750 bonum
872 699 1022 764 apud
1055 700 1491 765 unumquemvis
1522 706 1612 749 est
1649 698 1885 759 varium,
1920 698 2051 748 inde

189 779 440 846 sequitur
477 777 627 844 quod
667 776 832 844 quale
872 776 1005 826 boni
1044 776 1388 826 determinet
1427 777 1481 826 in
1522 793 1631 842 quo
1671 776 1850 842 gradu
1892 783 1950 826 et
1997 776 2051 825 in

187 874 298 923 qua
335 857 554 907 ratione
593 855 791 921 aliquis
831 861 919 905 est
960 855 1266 920 proximus,
1346 853 1514 919 Quod
1558 855 1639 904 ita
1678 855 1769 914 sit,
1812 860 1973 920 patet
2019 869 2052 903 a

188 935 417 986 Domini
445 933 714 1000 parabola
741 934 812 984 de
840 933 938 983 illo
965 933 1057 999 qui
1086 933 1282 983 incidit
1311 934 1366 982 in
1395 932 1665 993 latrones,
1691 949 1857 999 quem
1883 933 2050 982 semi-

188 1020 470 1064 mortuum
494 1012 758 1063 sacerdos
780 1012 1123 1078 praeterivit,
1143 1019 1200 1061 et
1224 1029 1444 1078 quoque
1470 1011 1698 1073 Levita;
1733 1011 1831 1061 sed
1856 1010 2052 1061 Sama-

186 1093 312 1152 rita,
347 1099 650 1158 postquam
684 1090 961 1156 obligavit
995 1089 1228 1140 vulnera
1260 1089 1393 1155 ejuS,
1430 1098 1487 1141 et
1527 1089 1727 1140 infudit
1762 1089 1948 1140 oleum
1989 1097 2047 1140 et

187 1171 395 1231 vinum,
421 1169 648 1220 sustulit
674 1186 838 1235 super
856 1169 1139 1235 proprium
1157 1167 1493 1233 jumentum,
1519 1176 1576 1218 et
1600 1168 1764 1218 duxit
1788 1169 1840 1218 in
1866 1168 2050 1218 diver-

187 1248 411 1308 sorium,
429 1255 486 1298 et
514 1248 795 1298 ordinavit
825 1255 884 1297 ut
915 1263 1046 1297 cura
1068 1246 1182 1311 ejus
1206 1246 1541 1296 haberetur:
1578 1246 1667 1296 hic
1692 1247 1819 1312 quia
1841 1247 2052 1296 bonum

188 1325 485 1377 charitatis
513 1326 784 1386 exercuit,
816 1326 1106 1391 proximus
1135 1325 1339 1375 dicitur
1365 1324 1514 1390 (Lm.
1545 1341 1600 1374 x.
1633 1324 1849 1391 29—37).
1910 1325 2053 1375 Inde

188 1405 316 1455 sciri
356 1412 548 1471 potest
589 1404 739 1471 quod
780 1405 1071 1471 proximus
1106 1404 1219 1453 sint
1254 1404 1344 1470 qui
1385 1404 1439 1453 in
1479 1404 1667 1454 bono:
1720 1403 1951 1454 “oleum
1993 1411 2051 1454 et

189 1483 415 1544 vinum‚'
421 1482 601 1550 ’quae
629 1482 908 1534 Samarita
935 1481 1257 1532 vulneribus
1286 1482 1501 1543 infudit,
1528 1483 1701 1533 etiam
1730 1481 2051 1548 significant

187 1561 397 1612 bonum
431 1570 488 1613 et
521 1561 637 1628 ejus
669 1578 878 1612 verum.

287 1639 405 1692 88.
454 1638 549 1688 Ex
599 1638 763 1689 dictis
814 1654 961 1688 nunc
1013 1644 1176 1704 patet
1227 1637 1378 1704 quod
1429 1638 1484 1687 in
1535 1608 1839 1688 universali
1883 1654 2052 1688 sensu

188 1716 399 1768 bonum
439 1717 512 1766 sit
552 1716 860 1782 proximuS,
898 1715 1026 1781 quia
1065 1714 1238 1765 homo
1279 1723 1368 1765 est
1408 1716 1702 1781 proximus
1742 1715 2054 1765 secundum

188 1793 352 1862 quale
390 1794 524 1845 boni
563 1794 713 1861 quod
759 1811 791 1844 a
831 1793 1079 1844 Domino
1118 1793 1265 1859 apud
1306 1793 1480 1843 illum.
1557 1793 1634 1844 Et
1674 1794 1802 1860 quia
1842 1794 2053 1843 bonum

189 1881 276 1924 est
308 1874 618 1938 proximus,
649 1880 737 1923 est
766 1889 940 1932 amor,
973 1889 1102 1921 nam
1131 1888 1299 1922 omne
1333 1872 1543 1922 bonum
1573 1880 1660 1923 est
1690 1874 1896 1922 amoris
1923 1890 1934 1935 ;
1975 1873 2055 1922 ita

189 1953 422 2019 quisque
454 1951 627 2002 homo
660 1959 748 2003 est
782 1951 1073 2018 proximus
1105 1951 1414 2001 secundum
1444 1950 1609 2018 quale
1642 1952 1847 2001 amoris
1881 1951 1971 2018 qui
2005 1951 2055 2001 ei

189 2038 277 2082 est
305 2048 338 2080 a
370 2030 634 2081 Domino,

288 2110 410 2176 89.
458 2109 628 2175 Quod
661 2125 821 2159 amor
851 2110 922 2160 sit
958 2109 1050 2175 qui
1080 2109 1215 2159 facit
1247 2116 1307 2160 ut
1346 2110 1642 2175 proximus
1680 2110 1770 2170 sit,
1806 2116 1864 2160 et
1902 2110 2055 2176 quod

190 2187 423 2253 quisque
463 2188 753 2254 proximus
793 2188 866 2237 sit
912 2187 1220 2237 secundum
1261 2186 1427 2252 quale
1467 2188 1673 2237 amoris
1715 2187 1848 2252 ejuS‚
1891 2195 2055 2253 patet

191 2265 489 2316 manifeste
522 2266 594 2316 ab
626 2265 734 2316 illis
767 2266 859 2332 qui
891 2266 946 2315 in
980 2282 1170 2316 amore
1199 2267 1281 2315 sui
1314 2273 1462 2316 sunt.
1541 2265 1631 2315 Illi
1664 2283 1764 2332 pro
1792 2266 2056 2332 proximo

189 2351 511 2410 agnoscunt
544 2345 635 2411 qui
675 2361 734 2395 se
775 2345 1023 2394 maxime
1063 2352 1276 2402 amant,
1313 2344 1420 2394 hoc
1463 2351 1578 2403 est,
1615 2353 1891 2410 quantum
1924 2352 2055 2396 sunt

190 2423 306 2485 sui;
364 2422 469 2473 hos
515 2421 951 2489 amplectuntur,
994 2422 1099 2472 hos
1145 2422 1491 2481 osculantur,
1536 2422 1623 2473 his
1675 2423 2053 2484 benefaciunt,

190 2508 250 2552 et
288 2500 394 2552 hos
432 2501 632 2552 fratres
669 2509 915 2564 vocant;
963 2502 1153 2562 imm0‚
1190 2503 1318 2567 quia
1358 2501 1491 2551 mali
1531 2509 1680 2563 sunt,
1716 2502 1820 2552 hos
1860 2502 2055 2553 dicunt

190 2580 511 2647 proximum
552 2597 675 2631 esse
715 2597 847 2647 prae
886 2579 1042 2643 aliis;
1096 2579 1358 2646 reliquos,
1401 2581 1545 2631 sicut
1593 2598 1651 2631 se
1698 2588 1911 2642 amant,
1954 2598 2054 2647 pro

190 2659 453 2725 proximo
484 2658 716 2720 habent,
752 2660 832 2709 ita
865 2659 1172 2709 secundum
1206 2659 1370 2725 quale
1405 2667 1462 2709 et
1503 2667 1779 2726 quantum
1812 2661 2051 2710 amoris:

191 2736 338 2789 tales
377 2755 410 2788 a
448 2755 507 2788 se
548 2739 824 2804 originem
858 2739 1102 2805 proximi
1141 2739 1373 2799 ducunt,
1408 2757 1481 2789 ex
1524 2756 1693 2790 causa
1734 2740 1861 2806 quia
1900 2755 2059 2789 amor

190 2815 327 2868 facit
372 2823 430 2867 et
470 2816 830 2868 determinat.
910 2816 999 2867 Illi
1038 2825 1230 2867 autem
1277 2819 1368 2883 qui
1414 2835 1474 2868 se
1522 2835 1636 2867 non
1683 2825 1879 2868 amant
1925 2835 2057 2883 prae

191 2894 331 2956 aliis,
361 2895 839 2961 quemadmodum
873 2912 1070 2946 omnes
1104 2897 1195 2962 qui
1228 2913 1257 2946 e
1291 2913 1468 2962 regno
1503 2896 1732 2946 Domini
1766 2904 1914 2956 sunt,
1947 2897 2056 2946 ori-

192 2974 383 3039 ginem
423 2975 666 3040 proximi
706 2974 917 3025 ducent
956 2975 1027 3024 ab
1069 2975 1199 3041 Ipso
1233 2992 1398 3041 quem
1440 2993 1608 3041 super
1639 2977 1827 3025 omnia
1866 2992 2055 3026 amare

192 3051 420 3112 debent,
463 3053 543 3104 ita
581 3070 613 3103 a
653 3053 933 3116 Domino;
981 3062 1039 3104 et
1079 3071 1178 3120 pro
1219 3055 1480 3120 proximo
1520 3054 1814 3104 habebunt
1855 3071 2055 3105 unum-

192 3131 446 3196 quemvis
475 3132 784 3182 secundum
813 3131 976 3198 quale
1006 3133 1211 3182 amoris
1239 3133 1293 3181 in
1324 3132 1514 3198 Ipsum
1544 3140 1601 3183 et
1637 3133 1707 3182 ab
1739 3133 1885 3198 Ipso,
1962 3133 2056 3183 Ex

191 3207 277 3258 his
306 3207 482 3275 liquet
510 3209 658 3260 unde
687 3211 847 3276 origo
875 3211 1118 3276 proximi
1147 3211 1218 3260 ab
1246 3210 1474 3261 homine
1498 3210 1774 3261 ecclesiae
1799 3211 2058 3262 ducenda

192 3293 313 3349 est3
354 3294 412 3337 et
444 3288 595 3353 quod
628 3289 860 3355 quisque
890 3290 1181 3355 proximus
1214 3290 1286 3339 sit
1320 3289 1629 3339 secundum
1665 3289 1873 3338 bonum
1904 3291 2053 3356 quod

192 3380 226 3414 a
258 3364 523 3426 Domin0,
557 3366 638 3416 ita
670 3368 850 3432 ipsum
883 3368 1111 3417 bonum.

219 3519 247 3571 l
291 3458 417 3510 9ο.
466 3445 636 3511 Quod
684 3447 764 3496 ita
808 3447 899 3508 sit,
940 3447 1116 3496 etiam
1161 3446 1440 3496 Dominus
1480 3446 1651 3496 docet
1702 3447 1853 3512 apud
1901 3446 2057 3497 Mat-

195 3529 452 3581 tzaeum,·

277 3633 399 3672 Dixit
428 3633 547 3672 enim
579 3634 666 3673 illis
698 3635 770 3685 qui
800 3634 844 3672 in
877 3635 996 3673 bono
1027 3634 1217 3681 fuerunt,
1245 3635 1360 3685 quod
1391 3634 1593 3674 dederint
1625 3634 1717 3685 Ipsi
1748 3635 1866 3685 quod
1893 3635 2056 3683 ederet,

409 3688 527 3739 quod
562 3688 622 3727 illi
658 3689 911 3738 potaverint
944 3688 1108 3740 Ipsum,
1140 3690 1398 3740 collegerint
1431 3689 1596 3739 Ipsum,
1629 3690 1854 3729 induerint
1887 3689 2054 3740 Ipsum,
