2496 4250
515 446 582 500 50
1045 448 1128 488 DE
1169 448 1343 490 NOVA
1383 449 1841 492 HIEROSOLYMA

599 586 745 646 Quod
773 588 991 632 Verbum
1034 603 1121 646 per
1153 603 1314 634 meras
1351 591 1813 647 correspondentias
1839 592 2175 649 conscriptum
2213 593 2290 643 sit,
2317 601 2367 638 et

509 647 643 702 quod
672 647 786 690 inde
822 661 993 691 sensus
1026 649 1131 704 ejus
1166 648 1385 693 internus
1416 663 1501 692 seu
1535 650 1814 706 spiritualis,
1838 651 1922 707 qui
1956 652 2140 707 absque
2162 652 2368 696 scientia

509 705 1057 761 correspondentiarum
1082 720 1181 749 non
1204 707 1315 750 sciri
1340 716 1504 763 potest
1526 709 1659 764 quod
1683 709 1759 759 sit,
1779 722 1870 752 nec
1891 710 2034 766 quale
2056 717 2131 753 est
2148 709 2366 754 Verbum

512 765 577 819 (η.
602 776 727 818 3131,
752 764 1024 819 3472—3485,
1050 764 1371 819 8615‚10687)-

568 821 850 935 8§guantum
873 822 1079 866 scientia
1104 824 1649 880 correspondentiarum
1678 833 1893 882 praestat
1919 825 2026 870 aliis
2052 825 2271 870 scientiis
2299 827 2365 882 (n.

506 892 563 933 42
595 893 624 922 0
649 913 658 923 .

506 1030 608 1079 52.
649 1022 725 1065 De
748 1023 990 1065 Memoria
1013 1022 1262 1065 Naturali
1282 1037 1403 1078 quae
1424 1028 1491 1066 est
1511 1026 1706 1067 externi
1727 1024 1947 1074 hominis,
1969 1029 2014 1067 et
2045 1025 2101 1068 de
2124 1024 2366 1067 Memoria

743 1081 1016 1137 Spirituali
1032 1095 1153 1137 quae
1173 1087 1240 1124 est
1261 1084 1459 1126 interni.

596 1175 742 1234 Quod
763 1177 903 1220 binae
923 1178 1186 1221 memoriae
1205 1178 1394 1221 homini
1413 1178 1524 1229 sint,
1541 1178 1754 1222 exterior
1769 1187 1817 1222 et
1837 1178 2050 1229 interior,
2066 1191 2151 1222 seu
2171 1186 2366 1223 natura-

506 1234 565 1278 lis
589 1244 637 1278 et
659 1235 924 1291 spiritualis
950 1239 1014 1291 (n.
1040 1237 1334 1292 2469—2494).

646 1294 744 1336 uod
763 1294 914 1337 homo
933 1309 1031 1337 non
1055 1295 1177 1338 sciat
1200 1295 1332 1351 quod
1356 1294 1400 1338 ei
1425 1295 1662 1338 memoria
1683 1295 1886 1338 interior
1901 1295 1964 1338 sit
1990 1296 2054 1351 (n.
2072 1305 2198 1348 2470,
2217 1297 2366 1350 2471).

645 1361 849 1395 uantum
885 1354 1122 1397 memoria
1156 1353 1357 1397 interior
1390 1354 1596 1397 excellet
1622 1367 1735 1410 prae
1763 1354 1999 1397 memoria
2031 1353 2272 1398 exteriore
2300 1355 2366 1410 (n.

508 1420 591 1463 247
648 1444 657 1454 .

597 1468 742 1526 Quod
766 1483 890 1525 quae
914 1470 962 1512 in
987 1470 1223 1513 memoria
1241 1470 1481 1513 exteriore
1504 1478 1631 1519 sunt,
1649 1470 1696 1512 in
1720 1470 1828 1513 luce
1852 1469 2060 1513 naturali
2084 1469 2210 1522 sint;
2240 1483 2366 1527 quae

508 1535 673 1570 autem
699 1528 747 1570 in
773 1529 1009 1571 memoria
1031 1529 1274 1577 interiore,
1301 1528 1348 1570 in
1372 1529 1480 1571 luce
1502 1529 1743 1584 spirituali
1768 1529 1866 1571 sint
1892 1531 1956 1582 (n.
1984 1529 2130 1584 5212).

597 1585 742 1643 Quod
787 1600 846 1630 ex
870 1587 1107 1630 memoria
1150 1587 1379 1630 interiore
1402 1587 1465 1630 sit
1507 1587 1639 1642 quod
1684 1587 1835 1630 homo
1879 1585 2275 1631 intellectualiter
2316 1594 2366 1631 et

507 1644 812 1688 rationaliter
835 1645 988 1701 possit
1010 1645 1226 1702 cogitare
1250 1653 1298 1688 et
1322 1645 1454 1701 loqui
1483 1647 1547 1701 (n.
1571 1646 1720 1700 9394).

598 1702 744 1760 ῼυοό
763 1703 930 1746 omnia
944 1711 993 1746 et
1015 1703 1208 1759 singula
1222 1717 1346 1760 quae
1370 1703 1521 1747 homo
1544 1703 1782 1759 cogitavit
1804 1712 1853 1746 et
1875 1703 2069 1747 locutus
2092 1711 2167 1747 est
2183 1711 2233 1747 et
2249 1703 2364 1761 egit,

507 1768 556 1804 et
588 1775 712 1817 quae
744 1762 934 1805 audivit
965 1770 1014 1805 et
1035 1761 1173 1811 vidit,
1198 1762 1432 1818 inscripta
1465 1762 1564 1805 sint
1592 1762 1857 1805 memoriae
1893 1762 2113 1806 interiori
2148 1763 2213 1819 (n.
2237 1773 2364 1816 2474,

596 1877 743 1936 Quod
777 1878 858 1921 illa
890 1878 1125 1922 memoria
1156 1878 1220 1922 sit
1256 1878 1378 1922 liber
1402 1878 1534 1922 vitae
1566 1878 1781 1922 hominis
1817 1879 1882 1935 (n.
1916 1889 2042 1933 2474,
2075 1878 2203 1935 9386,
2236 1878 2364 1934 9841,

511 1937 685 1991 10505).

596 1994 742 2052 Quod
777 1995 825 2037 in
859 1995 1096 2038 memoria
1123 1995 1353 2038 interiore
1380 1995 1478 2039 sint
1508 1994 1656 2050 [Vera]
1692 2009 1818 2052 quae
1844 1993 1974 2038 faCta
2009 2002 2125 2039 sunt
2158 1994 2285 2046 fidei,
2308 2008 2366 2039 ac

506 2054 637 2096 bona
659 2067 783 2109 quae
806 2052 935 2096 facta
957 2062 1071 2097 sunt
1094 2053 1274 2096 amoris
1300 2055 1365 2109 (n.
1393 2063 1516 2109 5212,
1541 2054 1690 2107 8067).

595 2111 742 2169 Quod
780 2126 855 2155 res
890 2126 1015 2168 quae
1051 2113 1316 2155 induerunt
1353 2112 1590 2162 habitum,
1619 2120 1668 2155 et
1702 2110 1831 2155 facta
1863 2119 1978 2156 sunt
2007 2111 2152 2163 vitae,
2185 2111 2284 2155 sint
2317 2111 2365 2155 in

507 2170 745 2214 memoria
769 2171 998 2214 interiore
1025 2172 1088 2226 (n.
1113 2183 1239 2226 9394,
1264 2181 1391 2226 9723,
1416 2170 1566 2226 9841).

595 2228 741 2286 Quod
764 2229 1034 2272 scientifica
1055 2238 1104 2273 et
1126 2229 1434 2286 cognitiones
1457 2229 1556 2273 sint
1583 2229 1848 2272 memoriae
1871 2228 2125 2272 exterioris
2150 2230 2215 2285 (n.
2241 2238 2365 2285 5212,

567 2300 620 2329 22
646 2321 655 2330 .

506 2300 563 2343 99
596 2290 744 2403 duod
781 2345 862 2388 illa
895 2360 1129 2402 perquam
1156 2346 1388 2389 umbrosa
1421 2346 1520 2390 sint
1554 2354 1603 2389 et
1638 2346 1862 2402 implexa,
1887 2344 2155 2402 respective
2189 2345 2251 2389 ad
2286 2345 2368 2389 illa

507 2417 632 2461 quae
655 2412 770 2447 sunt
794 2405 1059 2447 memoriae
1083 2404 1327 2448 interioris
1355 2406 1418 2459 (n.
1444 2405 1591 2459 2831).

596 2462 742 2520 Quod
777 2462 928 2506 homo
972 2463 1020 2505 in
1060 2463 1246 2506 mundo
1273 2476 1332 2506 ex
1365 2463 1602 2506 memoria
1633 2462 1874 2506 exteriore
1906 2462 2136 2519 loquatur
2172 2461 2366 2519 linguas

530 2535 574 2565 n.
599 2532 725 2574 2472,
751 2522 898 2575 2476).

510 2523 528 2577 (
597 2579 743 2637 Quod
767 2580 966 2636 spiritus
989 2587 1038 2623 et
1065 2579 1224 2636 angeli
1252 2579 1517 2636 loquantur
1539 2593 1598 2623 ex
1625 2579 1861 2623 memoria
1888 2578 2131 2628 interiore.
2155 2586 2205 2622 et
2231 2579 2364 2635 quod

507 2638 622 2681 inde
651 2638 743 2681 illis
776 2638 944 2694 lingua
975 2638 1276 2688 universalis,
1303 2651 1429 2694 quae
1454 2638 1566 2681 talis
1593 2647 1667 2681 est
1693 2646 1747 2680 ut
1773 2651 1958 2686 ornnes,
1987 2650 2045 2680 ex
2072 2650 2365 2693 quacunque

507 2706 636 2740 terra
661 2697 772 2747 sint,
802 2697 929 2740 inter
959 2711 1011 2740 se
1043 2697 1177 2753 loqui
1211 2697 1404 2753 possint
1440 2699 1503 2751 (n.
1533 2708 1658 2750 2472,
1687 2696 1813 2749 2476,
1842 2708 1967 2750 2490,
2003 2708 2141 2750 2493:
2176 2695 2238 2738 de
2269 2709 2367 2752 qua

507 2755 675 2812 lingua
695 2756 921 2798 videatur
947 2755 994 2798 in
1022 2769 1170 2811 opere
1202 2757 1277 2797 De
1305 2756 1439 2798 Caelo
1461 2761 1506 2797 et
1526 2756 1742 2812 Inferna,
1768 2769 1812 2797 n.
1838 2764 2064 2808 234—245;
2097 2767 2153 2797 ac
2180 2754 2241 2797 de
2265 2762 2366 2797 stu-

508 2814 682 2870 pendis
706 2814 969 2858 memoriae
988 2814 1244 2864 interioris,
1263 2827 1388 2871 quae
1411 2822 1578 2857 manet
1594 2813 1724 2870 apud
1748 2812 1999 2856 hominem
2019 2820 2131 2869 post
2154 2820 2364 2856 mortem

509 2872 589 2923 ibi,
614 2887 659 2915 n.
681 2873 803 2928 463).

507 3022 610 3070 53.
653 3013 728 3055 De
747 3012 985 3055 Fallacz‘z's
1008 3012 1249 3061 Semuum,
1274 3013 1326 3055 z'n
1348 3013 1516 3068 quibus
1537 3027 1662 3055 mere
1686 3012 1932 3054 naturales
1956 3016 2001 3054 et
2024 3011 2256 3055 sensuales
2284 3011 2365 3055 bo-

742 3074 893 3114 mines
911 3076 1024 3114 sunt
1046 3076 1114 3124 (de
1132 3076 1276 3122 quibus
1290 3087 1409 3123 supra
1426 3076 1465 3111 in
1486 3075 1690 3117 Doctrina,
1710 3086 1749 3113 n.
1769 3075 1849 3122 45).

597 3172 743 3230 Quod
772 3186 903 3216 mere
930 3172 1175 3215 naturales
1210 3180 1260 3216 et
1286 3172 1534 3216 sensuales
1560 3172 1786 3215 homines
1809 3186 1868 3216 ex
1898 3171 2100 3216 fallaciis
2132 3186 2364 3216 sensuum

508 3231 728 3288 cogitent
751 3239 800 3274 et
823 3231 1178 3274 ratiocinentur
1204 3233 1267 3286 (n.
1296 3231 1422 3286 5084,
1451 3241 1573 3286 5700,
1596 3231 1723 3285 6948,
1748 3231 1875 3285 6949,
1900 3231 2047 3286 7693).

597 3289 779 3347 Quales
802 3289 1020 3333 fallaciae
1043 3303 1275 3332 sensuum
1299 3297 1416 3333 sunt
1441 3291 1505 3344 (n.
1533 3289 1656 3344 5084,
1685 3299 1807 3344 5094,
1830 3290 1958 3342 6400,
1981 3289 2131 3344 6948).

597 3384 788 3443 Quibus
811 3385 932 3428 haec
948 3385 1242 3442 adjicientur
1258 3383 1456 3428 z—Sunt
1478 3383 1695 3427 fallaciae
1719 3398 1950 3427 sensuum
1975 3384 2022 3427 in
2048 3384 2364 3435 naturalibus.

509 3452 557 3495 in
576 3452 812 3502 civilibus,
838 3452 885 3494 in
911 3452 1188 3501 moralibus,
1213 3461 1262 3495 et
1285 3451 1333 3494 in
1357 3451 1702 3507 spiritualibus,
1729 3450 1775 3492 in
1799 3450 2003 3507 singulis
2026 3451 2222 3495 multae.
2267 3449 2365 3495 Sed

509 3519 588 3562 hic
611 3519 798 3575 aliquas
822 3519 870 3561 in
894 3518 1227 3574 spiritualibus
1251 3531 1500 3562 recensere
1518 3517 1645 3560 volo.

598 3585 694 3643 Qui
718 3586 903 3643 cogitat
925 3599 984 3629 ex
1007 3585 1210 3628 fallaciis
1233 3599 1477 3634 sensuum,
1507 3584 1545 3628 is
1569 3597 1666 3627 non
1690 3591 1854 3640 potest
1883 3583 2166 3641 intelligere,

832 3684 903 3737 (1.)
946 3686 1069 3736 Quod
1093 3685 1210 3724 homo
1228 3685 1368 3738 possit
1378 3690 1477 3737 post
1503 3689 1670 3723 mortem
1700 3689 1897 3736 apparere
1926 3689 1977 3722 ut
2003 3684 2131 3733 homo,
2152 3698 2228 3726 nec
2253 3697 2364 3739 gau-

1048 3740 1138 3779 dere
1159 3740 1350 3779 sensibus
1368 3739 1482 3779 sicut
1491 3739 1656 3791 prius,·
1685 3739 1745 3778 ita
1766 3752 1837 3778 nec
1856 3739 2010 3791 angeli.
