2496 4250
500 447 598 499 140
1026 448 1109 487 DE
1151 447 1323 487 NOVA
1365 449 1821 490 HIEROSOLYMA

582 586 727 645 Quod
754 587 997 632 Dominus
1014 597 1246 644 appareat
1264 589 1504 633 unicuivis
1522 592 1790 634 secundum
1810 592 1915 648 ejus
1941 593 2108 648 quale;
2142 601 2198 636 ut
2221 594 2345 651 ignis

492 646 745 689 vivificans
769 655 817 689 et
836 660 1057 690 recreans
1077 647 1170 689 illis
1193 647 1275 702 qui
1296 647 1342 689 in
1367 649 1511 698 bono,
1530 662 1586 691 ac
1609 658 1662 691 ut
1686 650 1810 706 ignis
1829 664 2123 695 consumens
2146 651 2239 695 illis
2260 651 2345 708 qui

494 705 541 746 in
570 705 699 747 malo
728 706 795 759 (n.
819 717 917 759 934,
947 705 1068 754 1861,
1093 705 1220 758 6832,
1246 705 1372 758 8814,
1397 706 1522 761 8819,
1550 719 1676 761 9434,
1707 710 1878 762 10551)-

581 761 726 819 Quod
763 777 860 805 una
896 764 1002 819 ejus
1036 764 1197 819 gentis
1230 763 1368 820 origo
1401 764 1463 807 sit
1495 778 1553 807 ex
1587 764 1921 814 Canaanitide,
1949 775 1998 809 et
2035 767 2170 823 quod
2202 767 2346 812 binae

493 821 706 876 reliquae
739 834 797 863 ex
830 821 1129 864 scortatione
1164 834 1275 863 cum
1310 835 1432 863 nuru
1469 824 1533 877 (n.
1558 823 1678 876 1167,
1706 823 1863 879 4817[?
1885 825 2034 879 4818],
2061 825 2190 877 4820,
2214 825 2344 879 4874,

493 879 652 933 4891[?
674 879 823 933 4899]
847 879 998 945 4913)-
1048 937 1056 945 ‚
1099 937 1107 945 ,
1253 937 1260 945 ,
1339 938 1348 946 ,

581 936 727 994 Quod
752 951 837 992 per
860 938 964 980 illas
987 951 1200 994 orlgmes
1224 938 1553 994 signlficatum
1577 939 1639 982 sit
1662 940 1819 995 qualis
1843 939 2127 996 conjunfiio
2151 940 2344 984 illorum

491 1008 603 1037 cum
627 995 831 1038 ecclesia
854 1003 995 1044 esset,
1013 996 1145 1052 quod
1171 1009 1345 1051 nempe
1368 997 1494 1039 sicut
1518 1010 1628 1039 cum
1655 997 1989 1047 Canaanitide,
2008 1008 2057 1042 et
2079 1013 2190 1042 cum
2214 1013 2346 1043 scor-

491 1053 679 1096 tatione
702 1067 812 1096 cum
833 1068 955 1095 nuru
982 1055 1046 1108 (n.
1069 1054 1197 1106 4868,
1220 1054 1348 1106 4874,
1373 1055 1501 1110 4899,
1524 1067 1651 1110 4911,
1675 1058 1825 1110 4913).

582 1111 655 1155 De
678 1120 809 1155 statu
833 1126 1003 1155 eorum
1029 1112 1076 1154 in
1100 1113 1254 1155 altera
1275 1113 1377 1155 vita
1398 1116 1460 1166 (n.
1485 1126 1582 1168 939,
1607 1126 1704 1168 940,
1732 1117 1878 1169 5057).

580 1217 826 1276 Quoniam
844 1232 964 1275 gens
984 1219 1076 1268 illa,
1095 1219 1292 1262 tametsi
1310 1219 1433 1268 talis,
1454 1221 1851 1274 repraesentabat
1873 1215 2141 1271 ecclesiam,
2160 1229 2210 1265 et
2231 1222 2347 1278 quia

491 1276 705 1320 Verbum
731 1278 860 1332 apud
889 1277 1018 1319 illam
1047 1286 1096 1320 et
1119 1278 1179 1320 de
1204 1277 1285 1319 illa
1311 1278 1643 1333 conscriptum
1667 1287 1753 1328 est,
1779 1279 1890 1322 ideo
1915 1279 2094 1322 Divina
2116 1281 2347 1325 caelestia

491 1349 576 1391 per
603 1335 803 1378 nomina
829 1349 997 1378 eorum
1021 1335 1294 1392 significata
1319 1345 1446 1385 sunt,
1471 1345 1526 1378 ut
1554 1350 1639 1392 per
1662 1343 1684 1358 ‘⁴
1702 1337 2029 1387 Reubenem,''
2053 1345 2076 1360 “
2094 1337 2347 1382 Schimeo-

491 1393 647 1442 nem,''
672 1400 695 1415 ‘⁴
712 1393 870 1441 Levi,”
896 1393 1221 1451 “Jehudam,”
1246 1400 1269 1415 “
1287 1393 1648 1450 Ephraimum,'’
1672 1395 2023 1452 “Josephum,''
2046 1405 2096 1439 et
2119 1396 2344 1453 reliquos.

491 1451 636 1508 Quod
666 1465 751 1507 per
773 1451 1053 1508 “Jehudam
1072 1453 1095 1466 ''
1120 1452 1167 1494 in
1195 1466 1339 1495 sensu
1364 1453 1558 1495 interno
1581 1453 1885 1509 significetur
1914 1454 2155 1498 Dominus
2181 1455 2344 1511 quoad

490 1523 706 1553 amorem
726 1511 983 1554 caelestem
1002 1525 1058 1553 ac
1077 1525 1276 1567 regnum
1297 1511 1506 1554 caeleste
1528 1511 1685 1567 Ipsius
1704 1514 1769 1566 (n.
1787 1513 1912 1567 3654,
1931 1513 2056 1568 3881,
2075 1513 2200 1568 5583,
2219 1513 2344 1568 5603,

493 1569 616 1623 5782,
642 1569 791 1623 6363)-

581 1627 863 1683 Explicatur
896 1627 1237 1684 propheticum
1268 1627 1458 1671 I‘sraelis
1501 1628 1561 1671 de
1602 1628 1843 1685 jehudah,
1869 1629 1917 1671 in
1955 1643 2054 1686 quo
2091 1629 2254 1686 agitur
2284 1629 2346 1674 de

492 1685 722 1734 Domino,
750 1686 860 1728 Gen.
884 1686 997 1729 xlix.
1022 1686 1134 1728 8—12
1163 1688 1226 1740 (n.
1250 1686 1557 1741 6362-6382[?
1580 1687 1749 1741 6381]).
2323 1730 2331 1736 ,

579 1743 725 1801 Quod
750 1745 944 1787 “tribus
969 1743 1190 1801 Jehudae
1208 1744 1231 1758 ''
1254 1753 1303 1787 et
1327 1744 1553 1802 “Judaea
1569 1745 1591 1758 ”
1615 1745 1857 1801 significet
1884 1745 2139 1789 ecclesiam
2165 1746 2347 1790 caeles-

490 1810 589 1845 tem
619 1804 681 1856 (n.
708 1802 832 1857 3654,
852 1803 1002 1857 6364).

579 1859 724 1917 Quod
758 1861 1018 1903 duodecim
1051 1861 1207 1904 tribus
1236 1861 1709 1916 repraesentaverint
1741 1869 1791 1904 et
1817 1861 1930 1905 inde
1962 1861 2346 1919 significaverint

491 1919 658 1962 omnia
689 1919 870 1962 amoris
912 1928 961 1962 et
998 1919 1111 1962 fidei
1148 1919 1197 1961 in
1240 1919 1498 1975 complexu
1534 1922 1598 1974 (n.
1619 1920 1744 1974 3858,
1774 1920 1900 1974 3926,
1922 1921 2051 1973 4060,
2069 1921 2230 1976 6335);
2278 1921 2347 1964 ita

490 1991 686 2034 quoque
709 1978 897 2020 caelum
922 1986 970 2020 et
993 1978 1248 2020 ecclesiam
1277 1979 1340 2032 (n.
1365 1978 1492 2032 6337,
1516 1978 1645 2032 6637,
1670 1978 1795 2032 7836,
1812 1978 1960 2034 7891).

578 2035 725 2093 Quod
759 2035 1037 2093 significent
1070 2036 1339 2078 secundum
1376 2036 1596 2079 ordinem
1631 2050 1730 2092 quo
1767 2037 2084 2080 nominantur
2118 2038 2183 2092 (n.
2217 2037 2344 2092 3862,

491 2096 616 2149 3926,
643 2107 768 2149 3939,
792 2095 907 2149 4603
930 2108 1043 2160 seq„
1067 2094 1195 2160 6337,
1219 2094 1369 2160 6640).
1575 2153 1583 2160 “
1680 2152 1688 2161 .
2333 2153 2343 2162 ·

579 2154 725 2210 Quod
764 2153 1025 2195 duodeclm
1058 2154 1214 2196 trlbus
1247 2153 1431 2196 d1v1sae
1464 2151 1644 2195 fuerint
1678 2167 1725 2195 1n
1759 2153 1860 2195 duo
1888 2166 2050 2210 regna,
2077 2161 2132 2196 ut
2172 2153 2346 2210 Judae1

491 2220 912 2267 repraesentarent
935 2225 1139 2268 regnum
1167 2212 1389 2260 caeleste,
1413 2224 1468 2254 ac
1494 2211 1742 2254 Israelitae
1775 2225 1977 2267 regnum
2005 2212 2255 2268 spirituale
2279 2214 2344 2265 (n.

490 2270 617 2323 8770,
703 2282 757 2311 20
783 2304 791 2313 .
1241 2301 1244 2304 «

578 2282 724 2385 Q11903d
753 2271 838 2384 1))οτ
861 2333 884 2349 “
900 2341 1067 2371 semen
1091 2327 1406 2377 Abrahami,''
1430 2334 1456 2349 “
1475 2327 1640 2376 Isaci,”
1663 2336 1712 2371 et
1736 2334 1759 2350 ‘⁴
1774 2327 1989 2385 Jacobi‚”
2011 2327 2348 2386 significentur

488 2387 619 2430 bona
639 2395 689 2430 et
711 2400 826 2430 vera
847 2386 1080 2430 ecclesiae
1106 2388 1172 2441 (n.
1196 2385 1352 2441 3773[?
1376 2386 1522 2441 3373],
1552 2387 1724 2442 10445).
