2496 4250
418 418 484 469 30
1201 422 1491 464 CORONIS.

416 558 580 608 maris
620 557 801 620 latuit,
836 567 893 611 et
930 567 1121 612 tamen
1154 563 1558 629 redemptionis
1592 561 1845 615 doctrina
1884 572 1969 616 est
2009 573 2276 633 tanquam

415 636 881 703 gazophylacium
913 641 1160 690 omnium
1202 658 1369 707 opum
1411 642 1775 709 spiritualium
1816 661 1911 694 seu
1945 644 2275 710 dogmatum

417 714 613 766 Novae
646 715 955 778 Ecclesiae,
990 718 1197 770 idcirco
1229 721 1284 770 in
1320 720 1588 772 lemmate
1621 721 1820 772 ultimo
1851 722 2008 788 hujus
2039 722 2276 774 volumi-

416 793 498 842 nis
539 793 608 843 de
645 792 915 858 Mysterz'o
953 794 1362 860 Redemptz'om's
1401 800 1758 865 transigetur,
1794 801 1848 850 in
1888 818 1998 868 quo
2037 819 2274 869 sequen-

416 872 494 921 tia
527 870 666 921 haec
700 871 1033 922 evolventur
1067 881 1124 924 et
1158 875 1455 926 mittentur
1486 878 1540 926 in
1576 877 1757 929 lucem
1779 895 1865 928 :—

800 991 867 1046 (i.)
912 992 1030 1089 ngd
1057 993 1251 1090 lt'lsseratio
1271 995 1324 1037 ab
1353 996 1549 1039 hostibus
1569 997 1629 1039 sit
1647 1010 1757 1053 quae
1777 997 1820 1040 in
1845 998 1974 1042 Verbo
1999 971 2175 1043 vocatur
2194 1001 2276 1044 Re-

995 1062 1087 1103 emp
1109 1062 1162 1091 to.

782 1123 865 1179 (ii.)
912 1124 1227 1180 Consequenter
1247 1127 1360 1181 quod
1381 1127 1575 1170 liberatio
1595 1141 1622 1170 a
1644 1129 1770 1171 malis
1790 1132 1836 1171 et
1854 1129 2007 1177 falsis:
2035 1143 2157 1186 quae,
2179 1131 2278 1186 quia

935 1237 937 1239 Ι
965 1193 1017 1222 ex
1045 1181 1213 1223 inferno
1233 1186 1346 1227 sunt.
1369 1183 1621 1237 spirituales
1647 1185 1797 1226 hostes
1817 1189 1929 1233 sunt,
1952 1186 2150 1228 occidunt
2167 1187 2277 1229 enim

962 1236 1128 1278 animas
1149 1237 1266 1279 sicut
1283 1240 1507 1281 naturales
1527 1240 1676 1281 hostes
1699 1252 1890 1293 corpora.

770 1322 869 1378 (iii.)
912 1323 1012 1366 lnde
1047 1327 1094 1366 tit
1126 1326 1300 1369 evidens
1336 1327 1449 1381 quod
1477 1327 1660 1381 primum
1697 1328 2011 1382 Redemptionis
2043 1341 2071 1371 a
2105 1330 2277 1374 Domino

958 1384 1166 1434 peractae
1197 1382 1329 1423 tuerit
1356 1383 1575 1436 separatio
1597 1385 1804 1425 malorum
1834 1397 1861 1426 a
1891 1384 2023 1431 bonis,
2045 1397 2099 1427 ac
2126 1386 2275 1428 horum

962 1436 1143 1477 elevatio
1173 1437 1231 1478 ad
1259 1437 1311 1479 Se
1341 1437 1383 1478 in
1414 1439 1592 1485 caelum,
1617 1443 1663 1480 et
1689 1440 1858 1480 illorum
1887 1439 2066 1482 remotio
2094 1453 2122 1482 a
2152 1441 2206 1483 Se
2233 1441 2275 1484 in

959 1490 1186 1538 infernum,
1210 1505 1306 1533 nam
1328 1493 1392 1534 sic
1413 1493 1584 1534 liberati
1600 1498 1704 1535 sunt
1721 1495 1820 1536 boni
1835 1507 1862 1536 a
1884 1495 2022 1536 malis.
2084 1495 2168 1538 Hoc
2215 1497 2275 1538 ri-

960 1559 1073 1587 mum
1092 1546 1407 1601 Redemptionis
1425 1552 1495 1590 est
1510 1549 1701 1590 Ultimum
1719 1549 1932 1591 dudicium
1949 1551 2021 1604 (de
2037 1563 2120 1603 quo
2136 1564 2159 1590 a
2205 1565 2274 1592 um

963 1610 1024 1641 est
1046 1615 1182 1654 supra,
1205 1616 1245 1642 n.
1274 1603 1440 1657 10-13).

763 1680 860 1736 (ἰν.)
905 1681 1023 1726 Quod
1048 1682 1283 1723 secundum
1313 1681 1626 1737 Redemptionis
1657 1683 1790 1726 fuerit
1809 1684 2068 1726 coordinatio
2089 1685 2272 1727 omnium

952 1736 993 1778 in
1015 1736 1206 1783 caelis‚[¹]
1227 1741 1272 1779 et
1290 1737 1581 1780 subordinatio
1603 1739 1785 1781 omnium
1807 1739 1849 1781 in
1869 1739 2047 1787 inferno,
2066 1753 2147 1795 per
2165 1753 2274 1795 quas

958 1792 1096 1834 adhuc
1113 1792 1356 1835 distinctius
1371 1793 1569 1846 separati
1585 1797 1631 1836 et
1649 1794 1820 1836 liberati
1836 1799 1941 1837 sunt
1957 1795 2056 1837 boni
2071 1808 2098 1837 a
2119 1796 2272 1844 malls:

959 1851 1004 1889 et
1030 1848 1108 1889 hoc
1129 1851 1201 1889 est
1227 1848 1387 1890 lllovum
1413 1848 1582 1891 Caelum
1604 1853 1648 1891 et
1674 1849 1833 1892 Morum
1856 1850 2071 1893 Internum
2094 1850 2167 1906 (de
2187 1865 2271 1904 quo

959 1902 1097 1943 aetum
1119 1911 1180 1943 est
1201 1917 1336 1956 supra,
1358 1917 1399 1943 n.
1426 1904 1594 1959 14-17).

781 1978 862 2034 (ν.)
907 1979 1025 2024 0qu
1051 1979 1222 2020 tertium
1254 1979 1567 2034 Redemptionis
1599 1981 1732 2023 fuerit
1758 1981 1966 2024 revelatio
1990 1981 2215 2024 veritatum
2245 1996 2269 2025 e

958 2035 1072 2075 Νονο
1098 2035 1235 2082 Caelo,
1256 2035 1348 2076 effi]
1366 2035 1462 2077 inde
1479 2036 1760 2078 exsuscitatio
1780 2049 1833 2078 ac
1853 2037 2109 2079 instauratio
2130 2038 2272 2081 Novae

955 2089 1172 2132 Ecclesiae
1193 2090 1234 2131 in
1257 2091 1399 2138 terris,
1415 2104 1495 2144 per
1510 2105 1618 2145 quas
1639 2091 1738 2133 boni
1753 2105 1779 2134 a
1801 2092 1926 2134 malis
1944 2092 2124 2134 ulterius
2140 2105 2268 2148 sepa-

951 2145 1041 2186 rati
1058 2150 1102 2187 et
1119 2146 1292 2187 liberati
1307 2151 1417 2194 sunt,
1442 2147 1545 2188 etin
1571 2151 1794 2200 posterum
1813 2152 2074 2202 separantur
2092 2151 2137 2190 et
2163 2149 2268 2191 libe-

951 2205 1115 2242 rantur.
1161 2201 1248 2255 (De
1262 2202 1342 2241 hoc
1356 2202 1476 2242 tertio
1492 2203 1617 2242 etiarn
1631 2201 1770 2242 actum
1785 2210 1845 2242 est
1859 2215 1995 2255 supra,
2010 2217 2050 2242 n.
2071 2203 2265 2258 18—20181)

763 2287 859 2343 (vi.)
903 2287 1022 2334 Quod
1058 2301 1192 2331 causa
1228 2289 1365 2331 finalis
1401 2290 1715 2344 Redemptionis
1752 2291 1884 2332 fuerit
1917 2291 2184 2345 possibilitas
2219 2296 2267 2335 ut

955 2345 1156 2386 Dominus
1178 2357 1230 2386 ex
1250 2345 1397 2386 Divina
1418 2358 1500 2387 sua
1521 2345 1819 2399 omnipotentia
1836 2351 1991 2400 posset
2007 2359 2268 2401 regenerare

953 2399 1172 2446 hominem,
1201 2403 1246 2441 et
1271 2400 1336 2442 sic
1365 2402 1566 2447 salvare:
1595 2414 1692 2443 nam
1721 2401 1809 2443 nisi
1832 2403 1956 2443 homo
1984 2406 2265 2457 reyeneretur

951 2468 1032 2497 non
1049 2459 1195 2510 potest
1214 2455 1382 2497 salvari
1401 2456 1532 2510 (Joh.
1566 2456 1625 2496 iii.
1647 2457 1708 2510 3).

749 2542 858 2598 (rii.)
904 2543 1022 2588 Quod
1042 2543 1310 2597 regeneratio
1338 2543 1531 2591 hominis,
1554 2544 1651 2598 quia
1673 2548 1744 2586 est
1761 2545 1979 2599 separatio
2000 2549 2045 2587 et
2070 2545 2265 2588 liberatio

951 2612 978 2641 a
1000 2599 1125 2640 malis
1147 2603 1192 2640 et
1210 2599 1350 2646 falsis,
1373 2599 1436 2641 sit
1463 2599 1707 2653 Redemptio
1733 2600 2010 2653 particularis
2030 2613 2057 2642 a
2078 2601 2262 2648 Domino.

953 2654 1143 2696 existens
1165 2667 1216 2696 ex
1237 2654 1535 2708 Redemptione
1555 2655 1768 2696 communi
1787 2655 1938 2709 Ipsius.

730 2741 856 2797 (viil.)
901 2741 1019 2786 Quod
1049 2741 1166 2795 apud
1200 2741 1296 2783 illos
1330 2740 1405 2795 qui
1434 2746 1754 2795 regenerantur,
1788 2742 1971 2795 primum
2005 2747 2264 2796 separentur

952 2798 1064 2838 mala
1093 2810 1119 2838 a
1150 2797 1281 2844 bonis,
1306 2800 1351 2838 et
1379 2797 1457 2838 hoc
1488 2801 1557 2838 est
1583 2797 1722 2839 simile
1750 2798 1934 2844 dudicii:
1973 2798 2087 2852 quod
2108 2803 2262 2852 postea

951 2853 1057 2894 bona
1090 2852 1342 2906 colligantur
1371 2852 1414 2893 in
1451 2865 1578 2892 unum
1610 2865 1662 2893 ac
1694 2853 1973 2906 disponantur
2003 2853 2045 2894 in
2082 2855 2260 2895 formam

951 2909 1193 2954 caelestem,
1214 2911 1258 2949 et
1275 2908 1353 2948 hoc
1370 2910 1438 2949 est
1451 2907 1590 2949 simile
1611 2907 1718 2949 lllovi
1736 2907 1877 2955 Caeli:
1909 2912 1953 2949 et
1971 2908 2083 2962 quod
2095 2909 2260 2950 demum

944 2975 1026 3017 per
1044 2963 1122 3004 hoc
1142 2963 1416 3016 implantetur
1437 2966 1480 3003 et
1495 2963 1759 3016 producatur
1779 2964 1894 3005 Νονα
1916 2963 2117 3010 Ecclesia,
2137 2964 2261 3017 cujus

947 3017 1159 3059 internum
1176 3021 1245 3060 est
1256 3019 1448 3063 caelum:
1472 3022 1517 3059 et
1528 3022 1749 3079 externum
1765 3031 1816 3060 ex
1830 3019 2006 3066 interno.
2022 3019 2082 3060 ita
2097 3023 2260 3061 utrum-

945 3086 1027 3126 que
1048 3073 1180 3114 simul
1196 3075 1314 3128 apud
1331 3073 1554 3120 hominem,
1578 3077 1649 3115 est
1666 3074 1779 3128 quod
1801 3078 1976 3115 vocatur
1997 3075 2201 3116 Ecclesia.

756 3160 852 3216 (ix.)
898 3160 1015 3206 Quod
1041 3173 1188 3203 omnes
1214 3159 1426 3214 redempti
1450 3164 1563 3207 sunt,
1585 3165 1798 3214 quatenus
1828 3174 1974 3203 omnes
2003 3161 2079 3215 qui
2098 3161 2259 3216 prioris

949 3216 1164 3258 Ecclesiae
1186 3217 1298 3257 falsa
1319 3215 1526 3270 rejiciunt,
1551 3219 1595 3257 et
1623 3215 1765 3256 Norae
1786 3215 2002 3258 Ecclesiae
2026 3229 2126 3258 vera
2147 3218 2256 3259 reci-

943 3271 1077 3326 piunt,
1101 3271 1355 3325 regenerari
1376 3274 1587 3324 possunt,-
1617 3270 1700 3312 sed
1716 3271 1829 3325 quod
1856 3284 1990 3326 usque
2017 3270 2260 3326 regenerati

943 3327 1117 3381 proprie
1137 3326 1226 3368 sint
1243 3325 1462 3380 redempti.

767 3410 850 3467 (x.)
894 3410 1012 3507 Qutod
1024 3414 1141 3507 'meta
1163 3409 1476 3464 Redemptionis
1497 3413 1543 3452 et
1556 3411 1700 3464 palma
1716 3411 2031 3464 redemptorum
2049 3410 2111 3453 sit
2126 3410 2255 3464 spiri-

965 3479 1019 3508 ua
1038 3479 1075 3508 is
1093 3479 1191 3520 pax.

751 3545 849 3602 (xi.)
894 3545 1013 3591 Quod
1045 3544 1288 3598 Redemptio
1323 3544 1446 3586 hodie
1478 3544 1605 3586 etiam
1636 3557 1663 3586 a
1698 3544 1870 3585 Domino
1905 3546 2019 3586 tacta
2051 3544 2122 3607 sitr
2155 3544 2255 3599 quia

943 3601 1067 3642 hodie
1081 3604 1149 3642 est
1160 3600 1375 3642 secundus
1391 3599 1530 3654 Ipsius
1544 3599 1758 3641 Adventus
1765 3601 1891 3653 Juxta
1905 3599 2252 3653 praedictionem,

945 3669 996 3698 ex
1017 3669 1111 3710 qua,
1134 3655 1231 3710 quia
1253 3656 1347 3709 ejus
1369 3654 1555 3697 ocularis
1586 3655 1712 3697 testis
1743 3654 1816 3702 fui,
1840 3655 1892 3696 de
1917 3653 2095 3696 veritate
2119 3666 2249 3709 prae-

945 3711 1181 3754 cedentium
1202 3723 1457 3752 arcanorum
1479 3713 1625 3752 certus
1648 3712 1788 3752 factus
1808 3722 1919 3752 sum.
