2496 4250
437 430 624 480 xxxiv
787 441 1123 481 SAPIENTIA
1163 442 1488 482 ANGELICA
1529 444 1611 483 DE
1651 443 1976 497 CONJUGIO.

568 581 691 634 Quod
711 582 892 634 potentia
913 582 1151 634 conjugialis
1172 583 1363 622 naturalis
1384 584 1608 624 successive
1629 584 1848 635 decrescat,
1864 585 1967 626 sicut
1987 599 2101 626 amor
2115 586 2214 639 ejus,
2229 586 2298 640 qni

653 652 712 685 est
735 645 876 694 libido,
898 659 981 685 non
1001 646 1193 686 limitatur
1214 645 1274 702 (n.
1293 646 1551 699 1568-1573).

570 743 626 782 At
651 742 761 795 quod
781 743 962 794 potentia
982 742 1222 795 conjugialis
1247 743 1463 796 spiritualis
1492 745 1719 784 successive
1744 751 1909 794 crescat,
1930 746 2033 786 sicut
2061 759 2175 788 amor
2196 745 2298 799 ejus,

651 798 720 850 qui
740 804 799 837 est
820 797 1017 846 caelestis,
1040 811 1064 836 a
1082 798 1235 837 lascivo
1256 811 1392 838 amore
1413 811 1533 839 sexus
1552 800 1784 852 purificatur
1806 800 1866 855 (n.
1883 799 2021 856 1574).

569 893 693 945 Quod
715 893 896 945 potentia
917 892 1200 946 [1Jc0njugialis
1220 894 1412 934 naturalis
1433 894 1639 935 decrescat
1654 909 1782 948 usque
1803 896 1901 935 dum
1918 895 2031 936 nulla
2049 895 2105 946 fit,
2122 903 2163 937 at
2181 897 2296 950 spiri·

651 957 770 996 tualis
791 964 944 996 crescat
963 970 1092 1010 usque
1113 957 1212 996 dum
1231 957 1273 997 fit
1289 957 1387 1010 juge
1407 959 1464 1011 (n.
1482 966 1553 1010 157
1559 958 1748 1014 5-1577).

569 1051 693 1104 Quod
715 1053 895 1105 potentia
914 1053 1152 1105 conjugialis
1172 1053 1364 1093 naturalis
1383 1053 1610 1094 successive
1630 1054 1859 1106 exstinguat
1882 1053 2020 1105 ignem
2039 1053 2144 1094 vitae
2167 1053 2297 1093 homi·

650 1116 712 1156 nis
731 1116 977 1164 interiorem,
1002 1122 1041 1156 et
1059 1117 1222 1157 hebetet
1244 1117 1330 1169 ejus
1354 1117 1513 1166 lucem3
1554 1123 1594 1157 at
1617 1117 1727 1170 quod
1751 1117 1967 1170 spiritualis
1987 1116 2213 1157 successive
2233 1128 2298 1156 ac·

649 1180 796 1220 cendat
815 1180 953 1232 ignem
973 1180 1079 1220 vitae
1099 1179 1275 1220 hominis
1296 1187 1334 1220 et
1355 1181 1504 1222 exaltet
1522 1181 1656 1220 lucem
1680 1179 1739 1236 (n.
1757 1179 1891 1235 1579).

569 1278 692 1330 Quod
721 1277 902 1330 potentia
930 1277 1169 1329 conjugialis
1199 1277 1392 1316 naturalis
1427 1277 1608 1329 deprivet
1638 1277 1814 1316 animam
1845 1283 1884 1316 et
1917 1275 2100 1328 spiritum
2129 1274 2297 1329 propriis

647 1341 729 1382 suis
749 1341 1062 1381 beatitudinibus
1083 1346 1124 1380 et
1142 1341 1320 1390 deliciis;
1351 1341 1530 1380 vicissim
1549 1347 1687 1380 autem
1707 1340 1923 1392 spiritualis
1949 1337 2010 1396 (n.
2027 1337 2295 1395 1580-1582).

567 1438 690 1490 Quod
710 1438 834 1477 homo
854 1438 923 1490 qui
943 1438 986 1476 in
1005 1437 1185 1490 potentia
1204 1437 1422 1490 conjugiali
1443 1437 1637 1490 spirituali
1662 1443 1733 1484 est,
1754 1449 1806 1476 ex
1828 1449 1965 1476 amore
1987 1442 2095 1476 casto
2114 1435 2185 1475 fiat
2203 1435 2296 1488 plus

648 1509 688 1542 et
706 1502 799 1554 plus
819 1502 1000 1542 internus
1022 1507 1061 1541 et
1080 1500 1284 1554 perfectus
1304 1502 1453 1550 homo;
1486 1501 1662 1541 vicissim
1683 1501 1752 1554 qui
1773 1501 1815 1539 in
1838 1500 2018 1553 potentia
2034 1499 2208 1540 naturali
2234 1499 2295 1555 (n.

648 1565 762 1616 1583,
783 1565 918 1620 1584).

566 1660 691 1714 Quod
710 1666 878 1701 externa
897 1673 969 1700 seu
990 1659 1183 1700 naturalis
1203 1671 1326 1699 causa
1345 1659 1492 1698 amoris
1512 1672 1583 1698 seu
1604 1659 1803 1699 amicitiae
1822 1659 1926 1699 inter
1945 1659 2138 1711 conjuges
2157 1658 2207 1698 sit
2225 1670 2296 1711 po·

647 1724 773 1764 tentia
794 1723 853 1780 (n.
870 1724 983 1775 1609,
1004 1723 1098 1762 1610
1118 1728 1190 1771 [De
1202 1730 1287 1761 Am.
1311 1729 1425 1769 Conj.‚
1441 1739 1475 1761 n.
1494 1739 1546 1770 49,
1563 1739 1636 1769 274,
1652 1721 1762 1774 290]).

563 1822 727 1875 Judicia
753 1821 982 1874 sapientum
1010 1834 1032 1860 e
1062 1820 1198 1872 regnis
1228 1820 1430 1872 Europae,
1455 1819 1507 1859 de
1537 1819 1693 1872 origine
1718 1819 1865 1859 amoris
1895 1819 2148 1872 conjugialis,
2171 1825 2210 1860 et
2244 1819 2296 1858 de

647 1885 733 1938 ejus
752 1885 895 1925 virtute
916 1890 956 1924 et
974 1884 1155 1937 potentia
1177 1882 1439 1939 (Memorab.,
1456 1895 1497 1923 n.
1514 1883 1606 1933 1718
1631 1888 1702 1931 [De
1716 1890 1799 1922 Am.
1822 1889 1936 1930 conj„
1952 1900 1986 1922 n.
2008 1887 2199 1933 103-114l).

568 1991 634 2030 De
657 1991 838 2043 potentia
859 1989 1058 2038 seminali,
1080 1989 1246 2042 quando
1265 1988 1431 2029 incohat
1453 1987 1512 2043 (n.
1529 1997 1629 2040 1799
1650 1993 1722 2036 [De
1735 1995 1820 2027 Am.
1838 1994 1951 2035 conj„
1967 2005 2002 2028 n.
2019 1987 2130 2041 446])·

428 2116 686 2158 Procreatio.
754 2114 830 2170 -—(
844 2115 941 2171 Vide
958 2115 1083 2154 etiam
1106 2112 1292 2168 Semen.)

427 2172 681 2268 ςζὲᾆῗὲἐαϋο
755 2184 878 2237 Quod
897 2184 1193 2237 procreationes
1213 2182 1310 2223 fiant
1329 2183 1372 2222 in
1391 2182 1517 2232 terris,
1534 2182 1630 2235 quia
1650 2196 1673 2221 a
1691 2182 1830 2235 primis
1850 2195 1923 2235 per
1942 2181 2085 2245 ultima
2106 2181 2296 2238 (illustra,

427 2259 694 2325 Proliffcum.'
789 2262 829 2290 η’
849 2257 897 2300 75
903 2250 919 2303 )
926 2280 934 2288 ’

565 2355 688 2407 Quod
709 2354 842 2407 angeli
862 2354 1010 2393 fuerint
1028 2353 1216 2392 homines
1239 2353 1298 2406 (n.
1317 2359 1365 2403 75
1389 2357 1461 2399 [De
1474 2358 1558 2390 Am,
1577 2357 1690 2397 Conj„
1706 2367 1740 2389 n.
1759 2349 1917 2404 28—39]).

565 2459 688 2511 Quod
711 2459 844 2512 proles
867 2464 986 2498 natae
1010 2471 1035 2497 a
1058 2456 1216 2496 duobus
1241 2456 1310 2509 qui
1334 2455 1376 2494 in
1397 2468 1533 2495 amore
1557 2468 1651 2494 vere
1677 2454 1898 2507 conjugiali
1927 2461 2034 2502 sunt,
2057 2454 2219 2495 trahant
2242 2467 2294 2495 ex

645 2522 879 2575 parentibus
900 2521 1129 2574 conjugiale
1151 2520 1250 2559 boni
1274 2526 1313 2559 et
1336 2519 1433 2567 veri,
1455 2532 1506 2558 ex
1530 2532 1611 2570 quo
1632 2518 1711 2558 illis
1736 2525 1795 2557 est
1819 2518 2027 2557 inclinatio
2047 2524 2086 2558 et
2108 2517 2295 2566 facultas,

646 2587 680 2626 si
699 2585 804 2625 filius
829 2585 881 2624 ad
903 2583 1212 2637 percipiendum
1235 2583 1306 2622 illa
1329 2595 1432 2635 quae
1456 2582 1677 2634 sapientiae
1697 2589 1803 2630 sunt,
1825 2582 1855 2620 si
1883 2581 1966 2620 filia
1989 2581 2042 2620 ad
2071 2581 2292 2620 amandum

642 2649 716 2689 illa
734 2662 839 2703 quae
859 2648 1058 2701 sapientia
1076 2648 1197 2687 docet
1219 2647 1278 2702 (n.
1297 2646 1488 2698 285-290
1507 2651 1579 2694 [De
1593 2653 1677 2684 Am.
1696 2652 1810 2692 conj„
1826 2662 1860 2683 n.
1878 2642 2078 2699 202-204]).

566 2755 690 2808 Quod
718 2755 774 2794 ita
795 2753 877 2802 fiat,
898 2753 995 2806 quia
1017 2752 1154 2792 anima
1175 2751 1299 2804 prolis
1320 2757 1379 2790 est
1403 2764 1427 2790 a
1449 2756 1575 2802 patre,
1599 2761 1646 2788 ac
1669 2749 1841 2788 induitio
1866 2748 2186 2801 correspondens
2209 2748 2294 2788 ani·

647 2831 738 2858 mae
759 2831 784 2858 a
801 2824 928 2857 matre
951 2816 1011 2872 (n.
1033 2827 1216 2868 291—293
1238 2821 1309 2864 [De
1323 2822 1407 2853 Am.
1427 2820 1541 2860 conj„
1559 2830 1591 2851 n.
1611 2813 1721 2865 206]).

565 2914 786 2966 Quomodo
808 2913 933 2952 homo
953 2912 995 2951 in
1019 2924 1160 2951 semen
1179 2910 1302 2960 venit,
1323 2915 1362 2950 et
1385 2909 1504 2963 quale
1528 2915 1587 2949 est
1610 2920 1749 2948 semen
1762 2921 1774 2956 ;
1806 2907 1917 2947 varia
1943 2906 2002 2962 (n.
2021 2917 2100 2958 293
2125 2911 2291 2954 [DeAm.

652 2984 765 3024 Conj.,
781 2994 815 3015 n.
835 2984 907 3023 183,
923 2994 996 3022 220,
1013 2974 1124 3030 245]).

565 3073 688 3125 Quod
713 3061 903 3125 conjugio
921 3071 1020 3111 boni
1045 3077 1083 3111 et
1102 3070 1186 3110 veri
1206 3069 1300 3109 insit
1321 3066 1497 3121 genitale
1521 3073 1559 3106 et
1582 3066 1823 3119 prolificum,
1845 3066 1956 3106 unde
1979 3065 2292 3118 propagationes

647 3135 830 3175 omnium
859 3136 901 3174 in
924 3135 1128 3182 universo,
1153 3146 1225 3186 per
1252 3145 1352 3185 quas
1377 3130 1634 3171 continuatur
1656 3130 1804 3170 creatio
1833 3130 1890 3181 (n.
1908 3128 2100 3181 330—336
2121 3134 2194 3177 [De
2206 3135 2292 3167 Am.

654 3207 768 3246 Conj.,
784 3216 817 3238 n.
835 3216 889 3247 92,
909 3197 1018 3251 115]).

565 3297 687 3349 Quod
708 3295 805 3349 quia
825 3295 935 3334 bona
954 3301 994 3334 et
1008 3307 1105 3333 vera
1123 3299 1216 3333 sunt
1235 3293 1278 3332 in
1298 3291 1449 3340 formis,
1469 3290 1565 3330 inde
1585 3290 1725 3330 omnia
1741 3289 2056 3330 substantialiter
2077 3295 2116 3329 et
2134 3288 2294 3330 materi-

645 3359 761 3399 aliter
779 3371 822 3398 se
841 3364 1065 3411 propagent
1087 3357 1146 3413 (n.
1164 3367 1299 3408 344—3
1302 3353 1390 3411 52).

566 3455 689 3508 Quod
709 3453 1018 3508 propagationes
1038 3454 1117 3493 sint
1137 3449 1459 3492 continuationes
1484 3448 1709 3498 creationis,
1730 3454 1770 3489 et
1793 3447 1903 3501 quod
1927 3447 1969 3487 in
1990 3447 2067 3487 illis
2087 3447 2136 3487 sit
2158 3446 2294 3499 imago

647 3518 791 3558 infiniti
819 3524 859 3558 et
883 3517 1049 3565 aeterni,
1075 3530 1099 3555 a
1124 3516 1306 3556 Domino
1336 3514 1525 3555 Creatore
1555 3512 1625 3565 qui
1654 3518 1715 3552 est
1742 3511 1921 3551 infinitus
1945 3517 1985 3551 et
2013 3517 2199 3550 aeternus
2230 3509 2292 3565 (n.

652 3590 746 3634 353,
766 3595 858 3634 seq„
880 3581 942 3620 ad
960 3589 1040 3632 372
1062 3585 1133 3628 [De
1147 3586 1231 3618 Am.
1249 3584 1364 3625 Conj„
1381 3594 1414 3616 n.
1434 3584 1505 3623 183,
1522 3575 1632 3630 220]).

566 3677 690 3730 Quod
706 3676 842 3716 anima
861 3676 911 3716 sit
932 3675 975 3715 in
990 3682 1094 3716 statu
1109 3681 1327 3728 perpetuae
1342 3670 1646 3727 prolificationis
1660 3676 1699 3711 et
1717 3668 2017 3724 propagationis
2036 3665 2094 3723 (n.
2110 3666 2294 3719 498—501

650 3746 722 3789 [De
735 3747 820 3779 Am.
838 3746 952 3786 Conj.,
969 3756 1002 3779 n.
1026 3738 1136 3794 220]).
