2430 4256
376 399 443 452 50
1158 399 1442 442 conoms.

478 538 564 588 De
598 537 766 589 caelis
798 538 1132 605 reliquarum
1166 538 1548 590 Ecclesiarum
1582 547 1710 606 post
1739 540 2224 608 Antiquissimam,

370 616 625 667 videatur
662 618 716 667 in
757 617 956 667 eodem
997 616 1267 683 opusculo
1306 617 1376 668 de
1414 617 1625 668 Amore
1667 617 1993 686 Corybtgz'alz',
2035 621 2088 670 in
2129 637 2228 671 suo

371 695 563 746 ordine
601 694 656 761 (a
685 712 735 745 n.
769 695 837 760 76
868 695 938 745 ad
972 697 1036 745 82
1070 694 1188 762 ibi).

476 775 592 840 38.
647 774 930 824 Infernum
977 791 1049 823 ex
1101 773 1209 824 illis
1255 775 1345 840 qui
1397 774 1468 824 ab
1514 774 1924 842 Antiquissima
1970 775 2228 828 Ecclesia

369 853 605 913 fuerunt,
637 860 722 902 est
751 870 882 919 prae
902 852 1159 902 omnibus
1182 852 1303 902 aliis
1326 853 1550 903 infernis
1573 855 2000 905 atrocissimum.
2078 853 2227 906 Con-

369 932 517 982 sistit
551 948 622 980 ex
657 930 763 980 illis
797 931 887 997 qui
926 931 980 980 in
1009 931 1219 981 mundo
1248 931 1603 982 crediderunt
1637 949 1696 982 se
1730 950 1852 983 esse
1880 933 2022 983 sicut
2056 932 2226 993 Deus,

369 1009 675 1058 secundum
710 1008 969 1059 dolosum
1002 1008 1230 1059 effatum
1265 1008 1553 1076 Serpentis
1591 1008 1746 1076 (Gen.
1782 1011 1848 1060 iii.
1882 1010 1969 1077 5);
2011 1018 2068 1061 et
2100 1028 2227 1077 pro-

369 1086 586 1137 fundius
619 1088 672 1137 in
706 1086 802 1137 illo
841 1087 1056 1138 inferno
1090 1095 1219 1138 sunt
1259 1087 1338 1138 illi
1378 1089 1467 1155 qui
1504 1089 1605 1138 sibi
1645 1097 2038 1154 persuaserunt
2079 1089 2226 1156 quod

369 1182 591 1231 prorsus
638 1166 711 1216 dii
757 1173 965 1226 essent,
1009 1183 1082 1216 ex
1129 1165 1428 1232 phantasia
1468 1166 1617 1233 quod
1666 1167 1818 1217 Deus
1859 1167 2227 1218 Divinitatem

369 1261 525 1294 suam
572 1244 932 1294 transfuderit
983 1245 1037 1294 in
1088 1244 1362 1305 homineS‚
1411 1253 1468 1295 et
1515 1246 1590 1295 sic
1639 1245 1787 1311 quod
1834 1262 1946 1295 non
1992 1244 2229 1312 amplius

370 1331 519 1373 esset
561 1323 713 1373 Deus
752 1324 807 1373 in
847 1323 1121 1373 universo.
1198 1323 1290 1373 Ex
1331 1324 1447 1373 dira
1487 1323 1582 1373 illa
1621 1325 1978 1390 persuasione
2012 1323 2230 1374 efflatur

369 1419 442 1451 ex
489 1401 585 1451 illo
636 1402 850 1451 inferno
900 1401 1151 1454 funestus
1203 1409 1385 1467 putor,
1434 1402 1525 1468 qui
1575 1401 1748 1452 inficit
1795 1399 2066 1453 viciniasffl
2110 1410 2228 1452 tam

369 1480 522 1530 ferali
562 1481 693 1531 tabe
734 1488 794 1530 ut
833 1481 965 1530 dum
998 1479 1194 1546 aliquis
1233 1481 1611 1546 approximat,
1648 1489 1953 1547 occupetur
1993 1482 2228 1547 primum

370 1567 487 1608 tam
522 1559 818 1625 lymphato
851 1558 1044 1608 delirio
1084 1567 1144 1608 ut
1185 1575 1321 1608 mox
1362 1558 1491 1625 po‘st
1531 1559 1808 1624 singultus
1841 1561 2096 1610 videatur
2127 1559 2228 1610 sibi

370 1639 683 1702 agonizare.
761 1638 893 1687 Vidi
916 1637 1196 1703 quendam
1225 1638 1278 1686 in
1303 1638 1613 1703 propinquo
1641 1637 1713 1687 ibi
1735 1639 2062 1689 occubuisse
2085 1639 2228 1690 sicut

370 1724 655 1779 mortuus;
691 1717 788 1766 sed
809 1713 1194 1766 translatum[²]
1213 1715 1342 1766 inde
1359 1717 1646 1766 revixisse.
1702 1716 1863 1781 Jacet
1883 1717 1936 1767 id
1955 1717 2227 1768 infernum

369 1797 421 1843 in
471 1795 654 1845 media
699 1795 867 1861 plaga
913 1793 1278 1854 meridionali,
1322 1795 1527 1844 circum
1575 1792 1801 1844 ductum
1846 1795 2024 1855 valliS‚
2067 1813 2230 1862 super

369 1874 564 1939 quibus
598 1881 753 1924 stant
793 1874 883 1940 qui
924 1873 1232 1923 stentoriae
1266 1873 1435 1923 tubae
1474 1890 1614 1924 voce
1654 1873 1921 1932 clamant,
1961 1873 2094 1925 “Ne
2133 1891 2227 1925 ac-

369 1952 507 2001 cede
553 1949 847 2018 propiusl³³”
923 1950 1131 2000 Audivi
1177 1968 1250 2001 ex
1290 1950 1507 2016 angelis
1547 1953 1637 2018 qui
1677 1969 1841 2018 super
1878 1951 1976 2002 illo
2014 1951 2227 2002 inferno

368 2031 423 2080 in
476 2029 635 2080 caelo
687 2037 815 2079 sunt
868 2029 1016 2095 quod
1079 2029 1528 2080 cacodaemones
1585 2030 1657 2080 ibi
1723 2038 2031 2096 appareant
2083 2030 2226 2081 sicut

369 2109 581 2159 colubri
615 2109 751 2158 torti
782 2108 836 2157 in
871 2108 1045 2174 spiras
1077 2107 1515 2169 inextricabiles,
1546 2108 1695 2175 quod
1729 2109 1957 2159 trahunt
1991 2126 2063 2159 ex
2097 2107 2226 2159 sub·

369 2187 525 2238 lestis
565 2187 786 2237 illorum
826 2186 969 2236 dolis
1009 2195 1066 2236 et
1106 2187 1601 2247 incantationibuS,
1637 2187 1832 2253 quibus
1869 2187 2225 2254 pellexerunt

369 2266 650 2332 simplices
687 2266 757 2315 ad
797 2265 1218 2315 assentiendum
1253 2265 1400 2331 quod
1441 2266 1552 2316 sint
1593 2265 1682 2326 dii,
1718 2273 1775 2316 et
1815 2265 1963 2332 quod
1986 2255 2116 2315 'non
2155 2266 2227 2317 sit

370 2344 522 2395 Deus
545 2351 767 2410 praeter
788 2343 930 2393 illos.
985 2343 1231 2403 Vetusti,
1257 2344 1347 2410 qui
1375 2344 1563 2393 omnia
1591 2343 1693 2394 sub
1719 2342 1917 2393 fabulis
1945 2351 2223 2394 contexu-

368 2431 548 2482 erunt,
597 2423 699 2472 hos
745 2421 1150 2472 intellexerunt
1196 2438 1294 2487 per
1335 2421 1683 2487 “gigantes’'
1722 2422 1813 2488 qui
1859 2421 2224 2487 impugnave-

367 2510 495 2551 runt
531 2509 716 2551 castra
749 2500 997 2560 deorum,
1033 2508 1090 2550 et
1124 2501 1214 2566 qui
1253 2517 1285 2550 a
1321 2499 1461 2565 Jove
1491 2517 1588 2566 per
1618 2499 1848 2550 fulmina
1880 2499 1994 2564 ejus
2026 2496 2226 2565 dejecti

369 2588 515 2638 sunt,
547 2587 604 2629 et
633 2579 734 2628 sub
762 2586 1016 2628 montem
1045 2579 1390 2644 ignivomum
1419 2577 1671 2629 Aetnam
1701 2578 1926 2638 detrusi,
1953 2584 2010 2628 et
2037 2578 2226 2629 vocati

373 2656 745 2723 “Cyclopes’'
821 2656 908 2706 Illi
941 2657 1111 2706 etiam
1152 2657 1364 2707 inferna
1401 2656 1623 2707 illorum
1656 2663 2008 2706 vocaverunt.
2036 2655 2224 2706 “Tar-

369 2735 539 2797 tara‚’'
572 2753 635 2786 ac
675 2734 938 2800 “Stagna
971 2734 1366 2796 AcherontiS,'’
1394 2752 1456 2786 ac
1487 2735 1758 2802 profunda
1784 2735 1858 2785 ibi
1889 2732 2225 2800 “Stygem,”

368 2822 426 2866 et
457 2814 584 2866 illos
612 2815 702 2882 qui
734 2814 807 2864 ibi
844 2813 1179 2864 “Echidnas
1207 2813 1490 2864 Lernaeas
1511 2813 1552 2877 ;'’
1592 2820 1649 2864 et
1683 2814 1759 2864 sic
1793 2829 1974 2880 porr0.
