2496 4250
481 445 578 510 176
1012 456 1095 497 DE
1135 456 1310 496 NOVA
1350 455 1807 496 HIEROSOLYMA

563 594 710 652 Quod
731 609 829 638 non
848 595 911 639 sit
933 595 1140 639 salvatio
1159 609 1244 652 per
1262 595 1577 639 intuitionem
1599 595 1772 645 Patris,
1791 609 1876 638 seu
1900 608 1986 651 per
2002 596 2334 652 precationem

473 654 535 696 ad
564 654 729 710 Ipsum
754 664 809 697 ut
833 655 1122 697 misereatur
1144 662 1345 710 propter
1369 654 1575 704 Filium;
1611 654 1853 697 Dominus
1875 654 2005 696 enim
2031 653 2163 704 dicit,

550 759 572 773 “
587 755 674 802 Ego
693 766 780 791 sum
795 755 869 798 via,
885 755 1026 791 veritas
1043 761 1082 791 et
1099 755 1200 799 vita3
1229 766 1349 792 nemo
1367 756 1475 792 venit
1492 756 1544 792 ad
1565 756 1721 792 Patrem
1740 755 1812 792 nisi
1830 767 1902 803 per
1921 756 1993 792 Me
2007 755 2028 767 ’'
2050 755 2169 806 (Joh.
2183 756 2259 795 xiv.
2271 755 2335 804 62)

477 845 958 947 (n·}{51?3radi&oria
989 917 1115 960 quae
1154 903 1362 947 involvit
1400 913 1597 960 recepta
1629 904 1763 954 fides,
1797 904 1930 961 quod
1974 903 2219 948 Dominus
2250 918 2338 962 per

474 963 754 1019 passionem
778 963 936 1005 crucis
961 963 1352 1005 reconciliaverit
1380 963 1649 1005 humanum
1673 977 1828 1019 genus
1854 963 1987 1005 Patri
2013 965 2078 1017 (n.
2106 963 2282 1019 10659).

564 1020 711 1078 Quod
736 1021 998 1064 Adventus
1033 1021 1234 1064 Domini
1268 1021 1332 1064 sit
1364 1021 1640 1078 praesentia
1669 1021 1828 1077 Ipsius
1857 1021 1905 1063 in
1929 1021 2094 1065 Verbo
2120 1023 2184 1077 (n.
2208 1034 2336 1078 3900,

503 1080 590 1122 060
617 1114 624 1122 .

473 1091 502 1132 4
565 1084 712 1195 duod
758 1137 1003 1181 Dominus
1036 1152 1135 1181 non
1166 1138 1290 1182 velit
1326 1138 1529 1195 gloriam
1567 1139 1629 1181 ab
1666 1138 1868 1182 homine
1901 1146 2104 1196 propter
2140 1137 2216 1189 Se,
2249 1138 2336 1183 sed

474 1206 676 1253 propter
698 1197 913 1240 hominis
937 1197 1144 1240 salutem
1173 1199 1237 1252 (n.
1266 1208 1390 1252 5957,
1420 1197 1595 1251 10646).

565 1255 712 1312 Quod
732 1263 755 1277 “
775 1256 1019 1299 Dominus
1035 1255 1058 1270 ''
1080 1256 1127 1298 in
1143 1256 1323 1306 Verbo,
1342 1256 1424 1298 ubi
1445 1262 1469 1277 ‘⁴
1486 1255 1766 1299 Dominus’'
1786 1255 2082 1306 nominatur,
2096 1255 2339 1313 significet

477 1313 713 1357 Divinum
740 1314 934 1357 Bonum
962 1316 1026 1370 (n.
1044 1325 1172 1370 4973,
1198 1315 1326 1370 9167,
1352 1315 1501 1370 9194).

564 1372 712 1430 Quod
745 1374 828 1416 ubi
863 1373 1173 1422 “Christus,”
1207 1374 1450 1431 significet
1486 1372 1721 1416 Divinum
1750 1372 1933 1416 Verum
1971 1373 2036 1426 (n.
2060 1384 2187 1429 3004,
2211 1383 2338 1429 3005,

476 1433 603 1487 3008,
628 1432 784 1488 3009[?
809 1433 1125 1487 3004-3009]).

565 1540 711 1599 Quod
745 1554 860 1584 vera
885 1540 1075 1598 agnitio
1107 1548 1158 1584 et
1182 1554 1327 1584 verus
1359 1541 1521 1584 cultus
1556 1539 1759 1584 Domini
1792 1540 1856 1584 sit
1888 1539 2048 1584 facere
2079 1547 2340 1597 praecepta

477 1599 637 1657 Ipsius
664 1602 910 1655 (ostensum
934 1614 994 1643 ex
1030 1600 1187 1650 Verbo,
1211 1613 1255 1643 n.
1285 1611 1437 1655 10143,
1466 1610 1618 1656 10153,
1648 1600 1802 1655 10578,
1825 1599 1978 1655 10645,
2007 1599 2182 1655 10829).
