2430 4256
335 427 674 467 ECCLESIAE
704 426 1144 466 ISRAELITICAE
1173 426 1406 467 STATUS
1435 428 1810 469 PRIMUS.—N.
1837 434 1922 484 49.
2002 434 2068 486 59

189 567 340 619 nium
363 566 476 633 ejus
499 565 717 634 prolum
742 567 923 618 Pater.
986 566 1089 618 Per
1114 567 1468 618 “Dominum
1490 567 1731 634 Jehovih
1747 569 1770 588 '’
1792 570 2061 637 intelligi-

193 663 316 698 mus
350 646 654 697 Dominum
689 644 1045 697 Salvatorem
1079 653 1135 697 et
1172 646 1621 713 Redemptorern
1643 657 1918 712 nostrum;
1953 649 2061 702 Hic

186 725 336 793 apud
363 724 666 786 Danielem,
692 733 749 776 et
772 724 920 792 apud
951 724 1266 792 Prophetas
1292 724 1583 794 [reliquos]
1609 727 1802 794 ubiviS,
1827 738 2063 780 vocatur

192 808 226 831 ‘⁴
242 803 522 856 Dominus
547 804 834 871 Jehovih.'’

287 895 412 951 49.
464 883 820 950 Propositum
865 900 1031 950 supra
1078 890 1166 935 est
1219 883 1370 951 quod
1418 885 1631 951 primus
1677 893 1860 937 status
1911 888 2058 954 apud

183 960 327 1013 filios
361 962 583 1013 Israelis
614 963 776 1013 fuerit
811 961 1113 1029 Apparitio
1148 962 1379 1014 Domini
1408 963 1665 1029 Jehovih,
1698 964 1964 1027 VocatiO,
2001 976 2058 1019 et

186 1038 654 1104 Confoederatio;
696 1049 753 1091 et
787 1058 860 1091 ex
894 1040 1089 1091 Verbo
1122 1041 1386 1092 discimus
1419 1042 1568 1109 quod
1610 1044 1714 1093 tria
1748 1043 1886 1094 haec
1923 1044 2058 1094 data

183 1119 298 1170 sint
330 1120 509 1187 primo
542 1119 688 1187 apud
717 1118 1052 1181 Abramum‚
1084 1119 1334 1171 secundo
1362 1121 1510 1187 apud
1545 1121 1763 1182 Mosen,
1796 1130 1852 1173 et
1887 1123 2056 1174 tertio

183 1198 334 1266 apud
366 1199 683 1250 universum
716 1198 1002 1266 populum.
1079 1198 1382 1266 Apparitio
1417 1200 1645 1252 Domini
1682 1201 1924 1268 Jehovih
1959 1219 2055 1253 co-

160 1293 302 1328 -ram
335 1275 712 1329 Abrahamoffl
744 1277 1080 1328 describitur
1112 1278 1168 1328 in
1206 1277 1416 1340 Genesi,
1449 1280 1564 1330 ita:

269 1388 514 1442 “Jehovah
541 1389 747 1440 apparuit
777 1389 1037 1428 Abrahamo
1072 1390 1118 1429 in
1149 1389 1416 1440 planitiebus
1450 1390 1652 1439 Mamre;
1697 1391 1768 1431 ille
1803 1393 1964 1431 sedens
1999 1394 2054 1433 ad

401 1445 565 1484 ostium
596 1444 775 1484 tentorii
810 1445 878 1483 sui
883 1475 1024 1491 .....
1043 1457 1230 1495 cumque
1260 1445 1435 1485 tolleret
1465 1446 1617 1485 oculos
1649 1458 1753 1486 suos
1789 1454 1832 1486 et
1868 1448 2050 1494 videret,

399 1511 501 1538 ecce
533 1506 620 1538 tres
641 1498 735 1538 Viri
766 1500 946 1538 stabant
976 1511 1114 1550 prope
1145 1499 1296 1543 illum:
1341 1512 1454 1550 quos
1483 1513 1582 1539 cum
1614 1501 1803 1551 pn‘mum
1834 1502 1957 1549 vidit,
1983 1515 2055 1541 cu-

398 1553 532 1592 currit
561 1553 739 1592 obviam
770 1554 891 1603 ipsis
910 1554 966 1592 ab
996 1554 1113 1593 ostio
1142 1555 1334 1601 tentorii,
1369 1562 1412 1594 et
1442 1555 1689 1594 incurvavit
1719 1568 1770 1595 se
1796 1556 1841 1594 in
1874 1564 2050 1596 terram.

398 1607 547 1659 Atque
576 1608 700 1655 dixit,
726 1608 919 1655 Adonai,
944 1608 982 1648 si
1013 1609 1162 1648 inveni
1195 1609 1384 1658 gratiam
1417 1609 1461 1648 in
1494 1610 1632 1649 oculis
1663 1610 1763 1658 tuis,
1798 1623 1854 1650 ne
1885 1624 2050 1662 quaeso

397 1669 601 1702 transeas
622 1671 797 1713 praeter
817 1675 996 1702 servum
1018 1670 1142 1702 tuum
1159 1663 1182 1678 ''
1203 1662 1314 1714 (cap.
1335 1665 1455 1704 xviii.
1480 1675 1569 1713 1—3,
1592 1665 1719 1716 seq.).

181 1770 322 1822 Erat
351 1770 627 1822 Dominus
655 1778 849 1821 noster
876 1769 1157 1831 Salvator,
1182 1771 1274 1838 qui
1305 1771 1360 1822 in
1390 1771 1594 1821 Divina
1622 1789 1720 1821 sua
1749 1771 2048 1833 Trinitate,

179 1866 349 1918 quam
370 1857 489 1901 tres
509 1848 698 1915 angeli
724 1849 1248 1916 repraesentabant,
1273 1851 1530 1916 apparuit
1550 1867 1562 1914 ;
1604 1867 1734 1900 nam
1756 1850 1901 1901 dixit
1930 1851 2048 1902 Do-

183 1929 384 1990 minuS,

263 2037 293 2056 ‘⁴
308 2035 536 2076 Abraham
556 2066 566 2076 .
588 2066 598 2076 .
621 2066 629 2076 .
652 2067 661 2076 .
682 2035 895 2074 exultavit
916 2042 963 2074 ut
983 2035 1155 2075 videret
1171 2036 1288 2075 diem
1312 2048 1475 2079 meum,
1496 2048 1546 2075 ac
1567 2036 1677 2076 vidit
1697 2043 1740 2075 et
1760 2037 1941 2086 gavisus
1962 2044 2044 2077 est.

493 2121 503 2130 .
565 2090 731 2136 Amen,
767 2102 913 2137 amen,
952 2090 1056 2130 dico
1087 2091 1232 2138 vobis,
1270 2090 1534 2142 Priusquam
1570 2091 1798 2130 Abraham
1832 2091 1915 2131 fuit
1952 2091 2046 2142 Ego

396 2121 676 2197 ‘ss11'n”<J0}2.
696 2144 788 2185 viii.
811 2145 874 2194 56,
898 2143 979 2195 58).

177 2249 286 2301 Est
324 2250 379 2300 in
413 2249 659 2300 Domino
693 2249 898 2300 Divina
931 2249 1210 2314 Trinitas;
1267 2258 1324 2301 et
1365 2250 1570 2300 Divina
1602 2250 1811 2302 Unitas
1848 2250 1903 2300 in
1943 2249 2043 2300 Di—

174 2329 306 2379 vina
350 2327 633 2378 Trinitate
680 2326 1149 2395 repraesentatam
1195 2337 1282 2380 est
1329 2346 1427 2396 per
1475 2333 1642 2380 “tres
1689 2328 1907 2391 Viros‚”
1953 2329 2044 2396 qui

176 2407 348 2459 etiam
382 2405 515 2458 dieti
547 2414 678 2458 sunt

824 2479 851 2496 “
867 2477 1065 2528 Angeli”
1086 2477 1206 2528 (Gen.
1231 2478 1318 2519 xix,
1343 2477 1396 2528 1).

170 2583 243 2635 In
275 2583 482 2634 Divina
507 2590 700 2634 autem
732 2600 831 2634 sua
865 2582 1106 2634 Unitate
1140 2581 1320 2634 dictus
1352 2591 1441 2635 est

624 2696 902 2747 “Adonajus
918 2695 940 2711 '’
961 2695 1084 2746 (Gen.
1104 2696 1224 2736 xviii.
1245 2707 1268 2745 3
1286 2708 1299 2746 ;
1326 2709 1420 2748 cap.
1441 2697 1530 2737 xix.
1553 2698 1645 2747 18):

174 2759 236 2804 ut
267 2759 326 2803 et

259 2857 540 2911 “Jehovah”
556 2857 813 2909 (persaepe;
847 2855 987 2911 [vide]
1011 2858 1110 2898 Gen.
1131 2858 1253 2898 xviii.
1276 2869 1342 2907 13,
1365 2869 1428 2907 14,
1452 2868 1515 2907 17,
1539 2869 1601 2909 19,
1623 2869 1688 2906 20,
1712 2869 1776 2906 22,
1799 2859 1864 2907 26,
1886 2857 1967 2910 33).

174 2964 476 3032 Apparitio
510 2964 739 3015 Domini
771 2964 1008 3032 Jehovih
1043 2981 1234 3016 coram
1263 2964 1425 3016 Mose
1457 2965 1789 3028 describitur
1826 2966 1880 3016 in
1911 2965 2034 3016 Ex·

171 3047 287 3110 oda,
321 3049 431 3099 ita:

258 3149 512 3201 “Apparuit
524 3149 725 3200 Angelus
736 3149 935 3202 jehovae
952 3149 1071 3189 Mosi
1085 3149 1175 3189 ”ad
1188 3157 1386 3188 montem
1400 3150 1455 3188 ad
1470 3149 1735 3196 Chorebum,
1757 3150 1840 3188 “in
1856 3149 2035 3188 flamma

389 3204 505 3254 ignis
526 3217 550 3243 e
571 3205 717 3243 medio
739 3205 850 3244 rubi.
914 3235 923 3244 .
944 3235 952 3244 .
976 3235 985 3244 .
1008 3235 1017 3244 .
1081 3203 1203 3242 Dixit
1223 3204 1370 3254 itaque
1392 3204 1558 3251 Moses,
1581 3204 1789 3242 Secedam
1812 3211 1854 3242 et
1875 3204 2033 3242 videbo

387 3259 607 3298 visionem
628 3271 838 3308 magnam
859 3259 986 3305 hanc,
1011 3270 1090 3297 cur
1117 3271 1208 3297 non
1229 3259 1501 3297 comburitur
1530 3260 1678 3297 rubus.
1742 3257 1795 3296 Et
1824 3258 1933 3296 vidit
1962 3257 2034 3309 Je-

387 3313 535 3352 hovah
556 3314 672 3364 quod
694 3313 919 3352 secederet
943 3310 1018 3364 [ad
1038 3310 1299 3363 videndum]
1321 3324 1329 3359 ;
1359 3313 1458 3351 ideo
1480 3312 1686 3351 clamavit
1707 3312 1761 3350 ad
1782 3323 1882 3350 eum
1911 3311 2031 3350 Deus

387 3379 412 3407 e
434 3367 582 3406 medio
603 3368 712 3413 rubi,
738 3374 781 3406 et
801 3368 924 3414 dixit,
953 3367 1095 3414 Mose,
1123 3366 1297 3406 Mose.''
1341 3397 1349 3406 .
1373 3397 1381 3406 .
1404 3397 1413 3406 .
1436 3397 1445 3406 .
1500 3366 1555 3405 Et
1576 3378 1723 3416 porro,
1744 3366 1854 3404 dixit
1878 3365 2031 3404 Moses

389 3422 446 3461 ad
478 3421 636 3469 Deum,
667 3423 695 3439 “
712 3421 948 3473 Quodnam
982 3434 1145 3460 nomen
1179 3421 1354 3460 Tuum?
1384 3451 1392 3460 .
1413 3451 1422 3460 .
1442 3451 1450 3460 .
1474 3451 1482 3459 .
1506 3420 1626 3459 Dixit
1650 3420 1768 3458 Deus
1774 3450 1910 3466 .....
1932 3419 2031 3459 SUM

388 3485 468 3522 QUI
499 3476 613 3515 SUM.
676 3507 685 3516 .
708 3507 717 3516 .
740 3507 750 3515 .
770 3506 779 3516 .
851 3475 921 3514 Sic
951 3476 1070 3514 dices
1102 3475 1200 3514 filiis
1233 3474 1424 3522 Israelis,
1459 3475 1559 3513 SUM
1590 3474 1710 3513 misit
1739 3486 1810 3512 me
1826 3474 1882 3512 ad
1912 3486 1993 3512 vos
2007 3473 2030 3487 ”

387 3529 542 3580 (Exod.
560 3530 619 3570 iii.
642 3527 724 3582 [1,]
745 3541 838 3578 2-4,
856 3542 966 3580 seq„
991 3540 1052 3578 14,
1071 3528 1197 3580 seq.).

171 3629 472 3698 Apparitio
506 3633 735 3683 Domini
772 3632 1013 3698 Jehovih
1055 3648 1245 3683 coram
1285 3639 1412 3683 toto
1453 3630 1667 3697 Populo
1699 3630 2029 3682 describitur

172 3711 343 3761 etiam
376 3711 432 3760 in
463 3710 676 3771 Exodo,
710 3712 820 3762 ita:
