2496 4250
482 441 575 478 122
1016 439 1098 479 DE
1139 437 1312 478 NOVA
1352 436 1809 487 HIEROSOLYMA

1323 762 1473 831 [xv.]

1085 965 1205 1024 DE
1265 965 1727 1026 BAPTISMO.

1310 1161 1503 1170 ———

469 1251 601 1284 202.

480 1295 1071 1521 BAPTISMUS
1116 1296 1409 1347 institutus
1460 1302 1547 1346 est
1594 1295 1648 1345 in
1695 1295 1918 1360 signum
1965 1293 2116 1360 quod
2161 1292 2334 1346 homo
2412 1281 2423 1291 ⁸

719 1377 791 1426 sit
820 1376 892 1426 ab
919 1375 1175 1435 ecclesia,
1208 1382 1265 1425 et
1298 1376 1352 1425 in
1382 1373 1707 1424 memoriale
1736 1373 1885 1439 quod
1914 1373 2334 1438 regenerandus

719 1457 824 1506 sit:
882 1455 1094 1505 lavatio
1140 1455 1288 1504 enim
1341 1453 1617 1519 Baptismi
1669 1469 1780 1502 non
1832 1451 1982 1501 aliud
2033 1459 2140 1510 est*
2167 1467 2334 1518 quam

718 1535 930 1585 lavatio
964 1532 1287 1599 spiritualis,
1324 1549 1465 1598 quae
1506 1539 1592 1582 est
1626 1531 1999 1596 regeneratio.

569 1625 734 1678 203.
783 1610 984 1660 Omnis
1022 1610 1384 1675 regeneratio
1420 1607 1483 1658 fit
1522 1625 1552 1657 a
1592 1607 1842 1657 Domino
1881 1624 1980 1672 per
2015 1622 2150 1656 vera
2187 1605 2332 1664 fidei,

471 1697 529 1740 et
560 1707 657 1756 per
685 1689 862 1738 vitam
891 1687 1199 1737 secundum
1228 1685 1357 1735 illa:
1401 1685 1528 1735 ideo
1558 1684 1883 1750 Baptismus
1911 1690 2159 1733 testatur
2185 1681 2336 1748 quod

471 1768 645 1818 homo
685 1768 756 1817 sit
798 1767 869 1816 ab
909 1765 1167 1823 ecclesia,
1203 1772 1261 1814 et
1301 1763 1451 1830 quod
1491 1763 1811 1828 regenerari
1851 1762 2063 1828 possit;
2111 1777 2241 1810 nam
2281 1761 2336 1810 in

472 1846 711 1897 ecclesia
739 1845 1068 1910 agnoscitur
1096 1843 1373 1893 Dominus
1402 1842 1493 1908 qui
1525 1849 1842 1906 regenerat,
1874 1848 1932 1891 et
1966 1840 2039 1890 ibi
2073 1847 2160 1890 est
2191 1838 2336 1889 Ver-

471 1925 622 1984 bum,
658 1924 749 1973 ubi
783 1939 915 1972 vera
947 1921 1091 1980 fidei,
1128 1938 1225 1987 per
1258 1937 1399 1986 quae
1433 1919 1806 1985 regeneratio,

572 2013 739 2067 204.
790 1999 918 2048 Hoc
953 1999 1124 2047 docet
1158 1997 1439 2046 Dominus
1471 1995 1620 2062 apud
1653 1994 1988 2055 Jolcannem,

557 2110 688 2149 “Nisi
711 2109 806 2160 quis
824 2115 1063 2157 generatus
1078 2107 1209 2145 fuerit
1230 2119 1285 2145 ex
1306 2118 1420 2156 aqua
1441 2113 1484 2144 et
1505 2106 1675 2155 spiritu,
1694 2117 1783 2143 non
1811 2111 1958 2154 potest
1978 2103 2151 2154 ingredi
2176 2104 2221 2143 in
2243 2116 2340 2155 reg·

693 2176 798 2202 num
827 2161 947 2202 Dei”
970 2163 1045 2208 (iii.
1071 2162 1135 2211 5);

478 2279 510 2301 “
527 2273 710 2341 aqua''
732 2274 786 2324 in
811 2271 1085 2339 spirituali
1114 2287 1280 2321 sensu
1303 2277 1390 2320 est
1413 2285 1606 2320 verum
1635 2268 1761 2319 fidei
1791 2286 1862 2319 ex
1888 2267 2099 2328 Verb0,
2127 2272 2159 2293 “
2179 2268 2338 2334 spiri-

475 2353 605 2405 tus”
646 2361 733 2403 est
773 2353 891 2402 vita
937 2350 1245 2401 secundum
1289 2348 1444 2409 illud,
1488 2356 1545 2398 et
1590 2346 1935 2413 “generari’'
1973 2354 2061 2398 est
2108 2363 2183 2397 ex
2228 2346 2338 2396 illis

477 2432 814 2498 regenerari.

574 2524 738 2578 205.
789 2511 935 2576 Quia
973 2510 1156 2560 omnis
1194 2508 1285 2574 qui
1330 2514 1704 2572 regeneratur
1742 2507 1916 2556 etiam
1956 2505 2106 2556 subit
2145 2513 2338 2557 tenta·-

476 2590 679 2648 tioneS,
715 2606 857 2654 quae
891 2595 1020 2637 sunt
1051 2602 1274 2652 pugnae
1307 2583 1626 2650 spirituales
1659 2591 1859 2634 contra
1892 2583 2042 2634 mala
2081 2590 2139 2634 et
2178 2583 2336 2642 falsa,

475 2669 603 2720 ideo
637 2685 734 2734 per
767 2684 940 2733 aquas
975 2665 1251 2731 Baptismi
1284 2664 1456 2714 etiam
1490 2662 1619 2712 illae
1653 2662 2057 2728 significantur.

575 2749 744 2800 206.
795 2747 942 2812 Quia
974 2746 1303 2811 Baptismus
1339 2750 1427 2793 est
1466 2744 1520 2792 in
1560 2743 1783 2808 signum
1817 2751 1874 2794 et
1913 2744 1968 2793 in
2007 2743 2339 2794 memoriale

475 2825 717 2885 illorum,
742 2825 871 2875 ideo
899 2824 1072 2874 homo
1101 2821 1375 2887 baptizari
1404 2827 1598 2886 potest
1626 2820 1806 2870 infans
1830 2839 1840 2883 ;
1883 2829 1939 2871 et
1969 2821 2013 2870 si
2042 2837 2154 2871 non
2182 2828 2337 2879 tune,

477 2912 671 2972 potest
706 2903 949 2954 adultus

577 2992 735 3047 207.
786 2979 982 3030 Sciant
1015 2979 1208 3043 itaque
1237 2977 1328 3043 qui
1361 2976 1638 3042 baptizati
1670 2983 1820 3034 sunt,
1851 2975 2001 3042 quod
2039 2976 2158 3041 ipse
2190 2974 2340 3041 Bap-

478 3059 676 3108 tismus
707 3073 819 3106 non
845 3057 942 3106 det
967 3054 1153 3114 fidem,
1179 3070 1281 3104 nec
1311 3053 1552 3103 salutem
1578 3070 1588 3115 ;
1631 3053 1729 3102 sed
1753 3053 1902 3118 quod
1926 3059 2170 3103 testetur
2190 3051 2341 3119 quod

477 3137 753 3201 recipiant
787 3134 972 3194 fidem,
1009 3140 1066 3183 et
1100 3132 1249 3198 quod
1284 3131 1590 3190 salventur,
1627 3131 1670 3180 si
1704 3138 2127 3196 regenerantur.

578 3211 740 3263 208.
791 3210 932 3260 Inde
953 3217 1220 3259 constare
1243 3215 1438 3274 potest
1460 3207 1593 3274 quid
1621 3206 1963 3272 intelligitur
1990 3223 2088 3272 per
2110 3205 2341 3256 Domini

478 3289 651 3339 verba
679 3287 826 3353 apud
858 3286 1134 3345 Marcum,

563 3399 683 3451 “Qui
707 3399 939 3437 crediderit
960 3406 1001 3435 et
1027 3397 1274 3446 baptizatus
1297 3395 1440 3442 fuerit,
1463 3395 1706 3433 salvabitur
1725 3407 1732 3441 ;
1764 3395 1836 3445 qui
1860 3405 1965 3433 vero
1986 3406 2074 3432 non
2097 3393 2342 3440 crediderit,

698 3451 1101 3492 condemnabitur”
1124 3451 1225 3496 (xvi.
1251 3449 1339 3502 16);

486 3561 627 3627 “qui
680 3558 1029 3617 crediderit‚''
1069 3566 1156 3608 est
1209 3558 1300 3624 qui
1347 3557 1607 3622 agnoscit
1655 3556 1979 3615 Dominum,
2027 3571 2091 3606 ac
2143 3555 2341 3620 recipit

484 3639 688 3689 Divina
717 3655 848 3687 vera
881 3638 952 3687 ab
983 3637 1114 3703 Ipso
1147 3654 1244 3702 per
1272 3635 1558 3696 Verbum;
1604 3635 1742 3700 “qui
1776 3634 2097 3700 baptizatus
2129 3631 2341 3693 fuerit‚”

485 3725 571 3767 est
606 3717 695 3783 qui
729 3732 825 3782 per
858 3714 952 3765 illa
985 3732 1016 3764 a
1051 3714 1296 3764 Domino
1330 3720 1708 3779 regeneratur,
