2496 4250
459 399 513 450 lii

795 411 1131 451 SAPIENTIA
1171 409 1495 450 ANGELICA
1536 408 1618 448 DE
1648 407 1983 473 CONJUGIO.

594 553 661 592 De
681 550 839 591 deliciis
859 550 1007 590 amoris
1028 548 1268 602 conjugialis
1292 546 1352 605 (n.
1372 547 1526 600 77-146
1547 553 1620 596 [De
1632 554 1718 588 Am.
1737 553 1851 594 conj„
1868 563 1903 587 n.
1921 553 1975 594 68,
1991 545 2081 601 69]).

592 648 659 687 De
681 659 792 686 nexu
820 644 968 685 amoris
994 644 1234 697 conjugialis
1258 657 1352 684 cum
1380 643 1571 684 omnibus
1597 642 1804 683 amoribus
1834 641 1938 682 caeli
1966 642 2023 696 (n.
2044 649 2228 693 147-222
2248 646 2320 690 [De

673 709 759 741 Am.
778 707 894 748 Conj.,
911 718 944 740 n.
963 702 1123 752 65-67]).

593 796 717 849 Quod
737 809 852 836 amor
871 795 1113 848 conjugialis
1136 794 1181 834 in
1202 794 1318 835 terris
1340 807 1424 834 non
1444 794 1507 843 sit,
1528 794 1601 834 sed
1625 794 1736 847 quod
1759 804 1889 846 usque
1906 791 2192 833 resuscitabilis
2210 791 2322 846 apud

672 861 766 969 111οῗ
789 860 858 913 qui
882 873 905 900 e
930 860 1053 900 Nova
1074 859 1363 911 Hierosolyma
1387 865 1506 899 erunt
1531 858 1590 914 (n.
1607 869 1653 910 31
1683 863 1754 907 [De
1768 865 1852 896 Am.
1873 863 1988 904 Conj„
2004 873 2038 896 n.
2054 871 2108 905 59,
2125 873 2247 904 70-72‚
2266 863 2320 903 81,

675 922 749 964 534]
769 946 778 956 ·

593 1013 716 1065 Quod
736 1012 834 1052 unio
854 1012 1063 1065 reciproca
1082 1011 1304 1065 sapientiae
1326 1017 1365 1052 et
1383 1011 1532 1052 amoris
1552 1023 1635 1050 non
1656 1009 1803 1049 dabilis
1822 1009 1872 1049 sit
1892 1021 2016 1062 quam
2035 1007 2145 1062 apud
2163 1019 2322 1049 mascu-

671 1076 757 1116 lum
779 1082 819 1116 et
838 1076 1047 1126 seminam,
1069 1077 1165 1130 quia
1183 1076 1255 1116 illa
1274 1075 1372 1115 unio
1393 1081 1452 1116 est
1470 1087 1585 1115 amor
1600 1073 1843 1127 conjugialis
1865 1072 1925 1128 (u.
1941 1083 1996 1123 42
2015 1078 2088 1122 [De
2097 1079 2184 1112 Am.
2205 1078 2322 1119 Conj„

673 1148 709 1172 n.
725 1131 886 1187 8&93]).

593 1228 814 1282 Quomodo
837 1228 1052 1269 descendit
1074 1242 1189 1268 amor
1208 1234 1248 1268 et
1269 1227 1469 1281 sapientia
1493 1241 1518 1267 a
1541 1226 1725 1267 Domino
1748 1226 1792 1266 in
1814 1225 2041 1265 masculum
2065 1229 2106 1265 et
2126 1223 2323 1264 feminam

679 1292 740 1349 (n.
756 1303 810 1344 43
831 1298 903 1341 [De
917 1300 1003 1332 Am.
1023 1299 1138 1339 Conj„
1154 1310 1189 1331 n.
1206 1310 1259 1340 90,
1275 1290 1366 1348 91]).

592 1389 718 1442 Quod
742 1389 919 1429 influxus
943 1389 1124 1429 internus
1148 1388 1298 1429 amoris
1328 1387 1570 1440 conjugialis
1600 1401 1624 1426 a
1654 1387 1837 1426 Domino
1861 1398 1945 1426 non
1968 1385 2229 1438 percipiatur,
2250 1384 2320 1425 sed

675 1453 786 1506 quod
810 1453 879 1492 fiat
900 1452 1205 1505 perceptibilior
1228 1458 1267 1492 et
1288 1451 1507 1505 jucundior
1525 1452 1628 1491 sicut
1653 1450 1880 1498 descendit,
1902 1456 1940 1490 et
1963 1449 2077 1503 quod
2101 1462 2153 1489 ex
2175 1449 2257 1489 illis
2280 1449 2321 1488 in

674 1516 825 1557 effectu
845 1516 990 1556 ultimo
1009 1517 1078 1556 fiat
1098 1516 1292 1556 delicium
1313 1516 1551 1555 deliciarum
1572 1518 1628 1571 (n.
1651 1517 1703 1568 58
1725 1523 1796 1565 [De
1810 1521 1894 1555 Am.
1915 1520 2028 1560 Gens„
2044 1529 2078 1552 n.
2097 1520 2150 1562 69,
2168 1511 2277 1568 183]).

593 1615 716 1668 Quod
736 1615 806 1655 fiat
825 1599 906 1655 tale
927 1615 1122 1655 delicium
1141 1616 1192 1656 sit
1213 1629 1264 1655 ex
1281 1616 1360 1656 fine
1381 1629 1571 1668 supremo
1587 1615 1658 1669 qui
1679 1615 1882 1664 Domin03
1914 1611 1985 1668 qui
2004 1617 2066 1655 est
2083 1610 2324 1668 propagatio

671 1680 832 1732 generis
871 1679 1041 1719 humani
1071 1686 1111 1719 et
1137 1680 1236 1720 inde
1266 1680 1428 1720 caelum
1456 1680 1705 1732 angelicum,
1736 1678 1973 1733 conjunctio
2001 1679 2058 1719 ibi
2089 1679 2252 1727 Secum,
2281 1685 2322 1720 et

673 1743 846 1783 felicitas
867 1750 1033 1782 aeterna
1055 1742 1116 1797 (n.
1135 1743 1187 1795 58
1208 1749 1281 1792 [De
1294 1751 1379 1782 Am.
1398 1749 1513 1790 conj„
1530 1760 1564 1781 n.
1582 1743 1674 1797 68]).
1709 1788 1712 1790 ,

590 1838 718 1892 Quod
740 1851 854 1879 amor
875 1838 947 1878 ille
967 1838 1019 1878 sit
1041 1837 1272 1891 spiritualis,
1295 1838 1391 1891 quia
1416 1844 1477 1878 est
1500 1836 1736 1890 conjunctio
1759 1837 1986 1887 mentium;
2027 1843 2066 1878 et
2094 1838 2207 1891 quod
2230 1836 2324 1877 ideo

670 1909 834 1942 maneat
853 1907 943 1955 post
961 1908 1135 1942 mortem
1155 1903 1211 1955 (n.
1230 1909 1282 1953 59
1303 1907 1374 1950 [De
1389 1909 1473 1940 Am.
1491 1908 1607 1948 conj„
1623 1918 1656 1940 n.
1675 1899 1765 1955 46]).

591 1999 716 2052 Quod
736 2012 851 2039 amor
867 1997 1108 2051 conjugialis
1123 1998 1335 2047 mentium,
1352 1997 1424 2051 qui
1444 2004 1505 2038 est
1525 1997 1754 2050 spiritualis,
1774 1997 1898 2037 faciat
1917 2010 2098 2037 amorem
2118 1997 2323 2050 conjugia-

673 2063 755 2102 lem
775 2075 1004 2116 corporum,
1025 2062 1096 2116 qui
1116 2069 1176 2102 est
1195 2062 1391 2102 naturalis
1416 2061 1516 2118 (per
1533 2063 1657 2102 varia
1679 2062 1951 2111 illustratum,
1971 2075 2013 2102 n.
2030 2061 2111 2115 62).

591 2162 658 2212 Qu
664 2159 719 2200 od
738 2173 853 2199 amor
868 2159 1110 2212 conjugialis
1125 2159 1195 2199 fiat
1209 2159 1372 2212 plenius
1386 2172 1501 2198 amor
1517 2158 1758 2212 conjugialis
1772 2172 1846 2212 per
1859 2158 2102 2198 descensum
2116 2157 2159 2197 in
2181 2157 2325 2198 ultima

677 2226 735 2280 (n.
754 2225 805 2276 63
828 2231 900 2273 [De
913 2232 999 2263 Am.
1021 2230 1135 2271 Conj.‚
1151 2241 1185 2262 n.
1205 2224 1315 2275 179]).

591 2322 658 2362 De
693 2335 830 2361 amore
865 2319 1084 2374 corijugiali
1114 2319 1355 2374 mpedtorali
1389 2321 1557 2374 (qualis,
1587 2299 1836 2361 describitur
1862 2327 1901 2361 et
1927 2321 2180 2370 illustratur,
2204 2333 2246 2360 n.
2271 2319 2326 2370 64

674 2382 746 2426 [De
760 2385 844 2415 Am.
866 2384 980 2423 Conj.‚
997 2394 1031 2416 n.
1052 2379 1156 2429 180]).

593 2473 848 2513 Describitur
868 2486 982 2512 amor
1000 2472 1196 2512 lumbaris
1219 2472 1350 2525 qualis
1371 2478 1446 2521 est,
1468 2471 1565 2525 quia
1584 2471 1704 2512 intrat
1722 2471 1976 2525 provinciam
1996 2484 2120 2525 quam
2141 2470 2326 2510 membra

672 2537 946 2590 generationis
967 2536 1120 2576 faciunt
1144 2536 1203 2592 (n.
1223 2536 1304 2590 65).

594 2633 719 2686 Quod
738 2634 795 2704 sic
816 2633 1038 2673 descendat
1057 2634 1099 2673 in
1120 2634 1221 2673 serie
1241 2647 1314 2686 per
1333 2645 1473 2673 causas
1494 2632 1547 2672 ad
1567 2632 1736 2673 effecstus
1760 2631 1819 2688 (n.
1837 2631 1924 2687 66).

593 2730 718 2782 Quod
755 2730 941 2782 ignotum
980 2730 1030 2770 sit
1059 2729 1157 2782 quid
1198 2743 1311 2769 amor
1338 2742 1434 2771 vere
1464 2727 1703 2781 conjugialis
1733 2741 1784 2768 ex
1812 2734 1986 2781 quatuor
2014 2726 2327 2780 causis‚—quod

678 2806 762 2832 non
782 2793 982 2833 adiverint
1003 2794 1243 2840 Dominum,
1263 2793 1373 2846 quod
1393 2792 1667 2845 separaverint
1686 2791 1809 2831 fidem
1827 2805 1852 2830 a
1876 2792 2080 2839 charitate,
2100 2790 2213 2844 quod
2230 2790 2327 2831 inde

676 2870 760 2896 non
781 2870 895 2896 amor
914 2870 1010 2909 erga
1029 2857 1274 2909 proximum,
1295 2857 1350 2896 ita
1368 2868 1446 2895 nec
1466 2869 1580 2895 amor
1598 2868 1692 2895 vere
1713 2855 1953 2908 conjugialis
1977 2854 2036 2909 (n.
2054 2853 2141 2910 67).

594 2954 660 2993 Ex
681 2953 836 3006 angelis
860 2952 971 3006 quod
995 2966 1109 2993 amor
1127 2966 1222 2993 vere
1247 2934 1486 3006 conjugialis
1515 2951 1635 3007 [non]
1663 2953 1711 2992 sit
1734 2952 1812 2992 nisi
1837 2952 1945 3004 apud
1969 2951 2060 2991 illos
2084 2952 2152 3004 qui
2175 2951 2327 2992 adeunt

677 3017 918 3066 Dominum,
940 3017 1039 3072 [ita]
1063 3017 1141 3056 nisi
1162 3017 1355 3069 conjuges
1370 3017 1450 3056 sint
1467 3017 1510 3055 in
1531 3016 1721 3069 conjugio
1735 3015 1952 3068 spirituali3
1984 3015 2094 3068 quod
2114 3014 2210 3055 inde
2229 3016 2326 3055 ami·

678 3082 771 3121 citia
793 3081 936 3120 intima
958 3081 1062 3121 inter
1086 3081 1303 3133 conjuges;
1335 3080 1446 3133 quod
1469 3079 1538 3118 ubi
1567 3079 1692 3134 [non]
1721 3079 1805 3128 illa,
1825 3091 1902 3118 nec
1925 3078 2072 3119 dabilis
2092 3091 2206 3118 amor
2223 3078 2326 3118 lum-

675 3145 782 3184 baris
806 3145 865 3199 (n.
884 3144 971 3199 68).

597 3240 722 3292 Quod
744 3241 814 3279 ubi
839 3253 954 3279 amor
977 3239 1217 3347 conjugi3lis
1245 3244 1476 3292 perpetuus,
1501 3237 1557 3277 ibi
1581 3244 1776 3291 perpetua
1798 3237 1980 3291 potentia
2004 3237 2063 3293 (n.
2081 3237 2134 3278 68
2139 3237 2229 3292 fin.
2255 3242 2327 3287 [De

679 3303 767 3336 Am.
787 3302 902 3342 Conj.‚
919 3312 953 3334 n.
974 3312 1046 3342 113,
1065 3301 1138 3343 115]
1165 3326 1174 3335 .

597 3392 720 3445 Quod
741 3390 975 3445 conjunctio
996 3404 1090 3432 cum
1110 3391 1293 3431 Domino
1313 3390 1382 3430 fiat
1400 3390 1522 3443 plena
1541 3402 1614 3442 per
1633 3402 1814 3429 amorem
1832 3402 1926 3429 vere
1947 3387 2230 3441 conjugialem,
2243 3399 2327 3426 non

679 3462 817 3496 autem
836 3455 960 3508 plena
979 3469 1003 3495 a
1022 3455 1205 3495 masculo
1224 3454 1326 3503 solo,
1347 3465 1423 3494 nec
1447 3467 1472 3493 a
1490 3452 1643 3492 femina
1661 3453 1750 3492 sola
1774 3452 1834 3506 (n.
1853 3450 1941 3507 74).

597 3554 819 3608 Quomodo
844 3555 1077 3606 aperiuntur
1100 3553 1290 3594 interiora
1316 3551 1463 3592 mentis
1486 3551 1675 3600 hominis,
1697 3556 1737 3590 et
1759 3550 2061 3602 conjunguntur
2078 3547 2266 3589 voluntas
2289 3553 2330 3588 et

679 3616 910 3656 intellec‘tus
935 3628 1007 3655 seu
1036 3628 1150 3654 amor
1172 3621 1211 3655 et
1234 3613 1433 3667 sapientia
1456 3613 1566 3666 apud
1589 3613 1680 3652 illos
1709 3612 1778 3665 qui
1806 3611 2005 3664 recipiunt
2027 3622 2208 3651 amorem
2230 3621 2327 3650 vere

679 3676 952 3730 conjugialem
976 3677 1035 3731 (n.
1059 3685 1107 3728 75
1116 3677 1243 3731 fin.).

597 3774 707 3814 [21De
728 3773 882 3814 deliciis
904 3773 1051 3813 amoris
1072 3772 1313 3826 conjugialis
1336 3771 1396 3826 (n.
1415 3769 1569 3823 77-146
1589 3775 1661 3819 [De
1676 3777 1759 3809 Am.
1778 3775 1892 3816 conj„
1905 3785 1938 3807 n.
1956 3775 2010 3815 68,
2026 3765 2115 3821 69]).
