2496 4250
545 420 623 460 ET
663 419 801 474 EJUS
841 418 1169 460 DOCTRINA
1208 414 1665 458 CAELESTI.——N.
1696 406 1815 467 246.
2026 412 2118 468 135

1104 833 1283 901 [XIX]

889 1018 1008 1077 DE
1068 1017 1515 1078 ECCLESIA.

1090 1214 1303 1224 ———-

261 1306 294 1339 2
334 1306 383 1340 ι.

294 1308 331 1350 4
515 1347 683 1403 UOD
710 1349 858 1416 apud
891 1348 1179 1400 hominem
1212 1348 1346 1399 facit
1381 1345 1618 1406 caelum,
1650 1344 1757 1396 hoc
1787 1344 1959 1395 etiam
1992 1343 2134 1410 facit>

558 1429 895 1492 vecclesiam;
938 1444 1068 1479 nam
1102 1428 1246 1478 sicut
1280 1442 1437 1477 amor
1476 1433 1534 1476 et
1576 1424 1713 1475 fides
1752 1424 1963 1475 faciunt
1998 1440 2127 1473 cae-

562 1508 694 1568 lum,
729 1508 808 1558 ita
847 1508 1021 1558 etiam
1061 1523 1219 1557 amor
1259 1513 1317 1556 et
1356 1505 1495 1555 fides
1535 1504 1747 1554 faciunt
1787 1501 2124 1553 ecclesiam:

561 1588 691 1638 inde
723 1605 797 1638 ex
830 1586 939 1637 illis
968 1604 1110 1653 quae
1144 1586 1214 1636 de
1242 1584 1404 1636 caelo
1433 1585 1581 1651 prius
1611 1581 1760 1633 dicta
1788 1589 1937 1642 sunt,
1969 1588 2131 1647 patet

263 1667 395 1735 quid
429 1666 687 1718 ecclesia.

361 1755 516 1811 242.
565 1742 1083 1803 Ecclesiadicitur,
1118 1742 1211 1792 ubi
1251 1741 1533 1791 Dominus
1571 1738 1904 1804 agnoscitur
1942 1744 2000 1787 et
2040 1736 2132 1786 ubi

264 1819 518 1871 Verbum
551 1827 672 1883 est;
714 1835 845 1870 nam
878 1818 1207 1869 essentialia
1241 1818 1515 1868 ecclesiae
1549 1824 1680 1866 sunt
1714 1831 1872 1866 amor
1904 1823 1961 1866 et
1994 1813 2132 1865 fides

264 1899 319 1949 in
353 1899 659 1949 Dominum
693 1915 725 1949 a
758 1899 1022 1959 DominO,
1055 1905 1112 1948 et
1147 1897 1401 1947 Verbum
1432 1896 1603 1946 docet
1637 1895 1925 1961 quomodo
1958 1893 2132 1944 homo

265 1975 510 2028 victurus
542 1985 629 2028 est
663 1985 724 2042 ut
758 1993 1009 2028 amorem
1043 1984 1100 2027 et
1134 1974 1303 2026 fidem
1336 1975 1570 2041 recipiat
1604 1991 1636 2024 a
1670 1974 1936 2024 Domino.

363 2065 524 2120 243.
572 2053 655 2104 Ut
683 2053 926 2104 ecclesia
958 2054 1048 2114 sit,
1078 2054 1184 2103 erit
1217 2051 1476 2102 doctrina
1507 2069 1581 2102 ex
1613 2050 1830 2111 Verb0‚
1865 2052 2132 2117 quoniam

267 2130 479 2197 absque
507 2128 762 2180 doctrina
791 2147 903 2180 non
932 2129 1271 2195 intelligitur
1293 2129 1547 2179 Verbum
1571 2146 1581 2191 ;
1616 2136 1704 2178 ast
1734 2127 1855 2179 sola
1877 2126 2135 2179 doctrina

268 2226 381 2259 non
426 2209 558 2260 facit
606 2209 907 2260 ecclesiam
953 2209 1100 2275 apud
1153 2208 1458 2268 hominem,
1508 2207 1607 2258 sed
1659 2208 1777 2258 vita
1823 2208 2132 2257 secundum

267 2287 441 2339 illam.
511 2288 652 2339 Inde
682 2289 932 2355 sequitur
959 2289 1108 2355 quod
1142 2305 1255 2338 non
1289 2287 1428 2349 fides
1462 2287 1583 2338 sola
1615 2287 1783 2338 faciat
1812 2287 2130 2345 ecclesiam,

269 2367 368 2418 sed
394 2368 513 2418 vita
540 2366 669 2418 fidei
697 2385 839 2434 quae
868 2375 955 2418 est
984 2367 1246 2417 charitas,
1312 2365 1569 2417 Genuina
1597 2364 1852 2416 doctrina
1880 2373 1967 2416 est
1996 2366 2130 2417 doc-

269 2446 418 2497 trina
445 2446 740 2497 charitatis
769 2454 826 2497 et
861 2445 1024 2497 simul
1057 2445 1203 2506 fidei,
1235 2453 1292 2497 et
1327 2463 1440 2496 non
1474 2443 1728 2496 doctrina
1761 2444 1888 2495 fidei
1922 2445 2133 2511 absque

269 2523 398 2575 illa:
453 2541 583 2575 nam
624 2522 880 2575 doctrina
919 2525 1215 2575 charitatis
1256 2532 1313 2575 et
1355 2523 1518 2574 simul
1557 2523 1702 2583 fidei,
1746 2531 1834 2574 est
1879 2521 2135 2574 doctrina

269 2603 454 2667 vitae;
497 2620 609 2654 non
638 2612 828 2654 autem
859 2602 1113 2655 doctrina
1141 2603 1270 2654 fidei
1298 2603 1509 2670 absque
1538 2601 1793 2653 doctrina
1821 2602 2134 2653 charitatis.

369 2692 531 2748 244.
580 2680 672 2730 Illi
700 2681 792 2746 qui
819 2688 988 2731 extra
1016 2680 1320 2730 ecclesiam
1349 2687 1500 2739 sunt,
1525 2687 1583 2730 et
1611 2686 1934 2744 agnoscunt
1964 2696 2135 2728 unum

273 2756 474 2819 Deum,
509 2764 567 2808 et
602 2758 911 2807 secundum
945 2757 1270 2823 religiosum
1304 2773 1463 2807 suum
1497 2758 1551 2806 in
1584 2757 1827 2822 quadam
1856 2756 2136 2806 charitate

273 2852 409 2902 erga
440 2836 762 2902 proximum
796 2837 1010 2897 vivunt,
1046 2837 1101 2886 in
1142 2837 1539 2886 communione
1572 2843 1702 2886 sunt
1737 2851 1862 2885 cum
1896 2834 2005 2884 illis
2046 2836 2138 2901 qui

273 2915 344 2965 ab
383 2913 657 2978 ecclesia;
706 2915 971 2981 quoniam
1012 2931 1180 2965 nemo
1223 2915 1314 2980 qui
1355 2915 1535 2965 credit
1575 2915 1629 2964 in
1671 2914 1854 2963 Deum
1895 2921 1953 2963 et
1993 2914 2136 2963 bene

273 2993 428 3054 vivit,
464 2993 796 3043 damnatur:
839 2993 969 3044 inde
1002 3001 1164 3059 patet
1197 2993 1347 3060 quod
1381 2992 1622 3043 ecclesia
1655 2992 1884 3042 Domini
1916 2993 1988 3042 sit
2017 2992 2136 3041 ubi-

275 3072 358 3122 vis
390 3072 444 3122 in
478 3072 739 3122 universo
767 3079 1041 3123 terrarum
1070 3073 1220 3133 orbe,
1252 3073 1482 3123 tametsi
1515 3072 1569 3122 in
1598 3071 1785 3138 specie
1814 3071 1905 3121 ubi
1939 3071 2136 3121 Domi·

276 3166 379 3200 nus
412 3151 758 3216 agnoscitur,
794 3158 851 3202 et
885 3151 977 3201 ubi
1009 3151 1263 3202 Verbum
1297 3158 1401 3202 est.

374 3238 535 3294 245.
593 3225 794 3277 Omnis
849 3227 998 3293 apud
1053 3244 1220 3293 quem
1275 3227 1519 3278 ecclesia
1572 3234 1678 3287 est,
1730 3225 2019 3288 salvatur;
2079 3233 2138 3276 at

279 3304 462 3354 omnis
495 3304 642 3371 apud
675 3320 843 3372 quem
876 3321 989 3356 non
1022 3304 1264 3356 ecclesia
1297 3312 1403 3365 est,
1439 3304 1869 3355 condemnatur.

946 3454 1008 3497 (Ex
1029 3463 1189 3488 ARCANIS
1210 3455 1475 3494 CAELEST113US.)

312 3545 315 3549 '
367 3537 516 3595 246.
558 3537 705 3596 Quod
725 3538 930 3582 ecclesia
948 3539 995 3582 in
1020 3539 1182 3596 specie
1200 3539 1263 3582 sit
1286 3538 1368 3581 ubi
1387 3538 1620 3589 Verbum,
1639 3546 1688 3582 et
1713 3552 1800 3594 per
1822 3539 1869 3581 id
1897 3538 2139 3583 Dominus

281 3604 441 3645 notus,
466 3596 534 3639 ita
554 3597 637 3639 ubi
662 3597 843 3640 Divina
863 3611 980 3641 vera
1001 3606 1116 3642 sunt
1140 3598 1352 3641 revelata
1376 3599 1441 3652 (n.
1466 3598 1592 3652 3857,
1623 3598 1796 3650 10761).

370 3653 440 3697 At
461 3668 616 3710 usque
638 3657 770 3712 quod
795 3656 907 3699 ideo
930 3670 1030 3700 non
1053 3658 1113 3700 ab
1136 3657 1341 3699 ecclesia
1363 3657 1462 3699 sint
1484 3657 1567 3712 qui
1591 3656 1693 3698 nati
1717 3656 1800 3698 ubi
1824 3656 2041 3699 Verbum
2066 3664 2140 3699 est

282 3720 332 3756 et
360 3711 604 3757 Dominus
627 3722 787 3765 notus,
807 3715 891 3758 sed
920 3715 1003 3772 qui
1032 3729 1118 3772 per
1138 3728 1253 3759 vera
1279 3728 1338 3759 ex
1360 3715 1526 3759 Verbo
1552 3728 1580 3759 a
1607 3714 1824 3760 Domino
1851 3729 2140 3772 regeneran-
