2496 4250
299 0 313 30 ,“
321 0 405 25 ·-·1,εῑτ-
425 0 517 30 uas->⁴3
523 0 591 29 ,ιγ’-ς
599 0 608 3 ·
615 14 623 20 .»
667 0 732 23 ¹:5²

876 424 1079 464 INDEX
1120 423 1341 464 RERUM
1383 422 1588 463 PRIOR.
2108 412 2166 462 xi

516 563 734 612 amoribus,
754 577 827 618 per
845 563 1034 604 scientias
1062 569 1348 617 promoventes
1378 563 1484 612 illos,
1507 569 1650 616 agatur
1678 563 1733 617 (n.
1756 562 1969 615 1196—1199
1990 569 2062 612 [De
2080 571 2165 602 Am.

524 634 639 675 Conj.,
655 644 690 668 n.
711 645 783 675 133,
801 627 911 683 134]).

435 723 559 777 Quod
574 723 714 772 homo,
729 724 825 776 quia
839 724 876 763 ei
892 730 952 763 est
967 723 1155 763 voluntas
1172 730 1210 763 et
1226 722 1472 771 intellectus,
1487 723 1589 763 sciat
1603 722 1790 762 ordinem
1805 722 2031 763 secundum
2046 735 2168 775 quem

515 786 697 827 victurus
718 793 790 836 est,
811 792 851 826 et
876 786 987 839 quod
1010 786 1126 826 illum
1148 787 1247 826 sciat
1271 800 1323 826 ex
1343 787 1501 839 legibus
1526 787 1690 826 Divinis
1714 799 1820 839 quae
1844 793 1936 826 sunt
1957 786 2168 834 ecelesiae,

517 862 569 890 ex
589 849 750 902 legibus
769 849 957 889 civilibus
977 863 1083 902 quae
1102 857 1197 890 sunt
1220 850 1437 898 societatis,
1459 857 1499 890 et
1519 863 1570 889 ex
1590 850 1748 902 legibus
1768 850 1934 889 rationis
1946 865 1958 898 ;
1990 855 2030 889 at
2057 850 2170 902 quod

515 912 671 954 bestiae
690 926 774 952 non
792 912 966 952 [¹1sciant
985 913 1165 966 aliquem
1187 914 1373 953 ordinem
1395 927 1446 952 ex
1467 913 1547 952 illis
1568 914 1740 966 legibus,
1762 913 1835 952 sed
1860 913 1971 966 quod
1992 913 2171 952 ferantur

516 990 590 1030 per
610 977 800 1017 scientias
823 977 1030 1016 amoribus
1058 977 1243 1026 adnatas,
1264 977 1337 1016 sed
1361 977 1437 1016 sibi
1467 990 1629 1030 prorsus
1657 977 1831 1029 ignotas,
1851 977 1906 1016 ad
1935 977 2169 1018 faciendum

515 1041 628 1095 quod
646 1041 801 1081 faciunt
822 1040 882 1098 (n.
898 1040 1156 1080 [211200-1211
1178 1047 1250 1089 [De
1264 1049 1348 1080 Am.
1370 1048 1485 1088 Conj„
1502 1058 1537 1080 n.
1558 1059 1630 1088 133,
1644 1043 1754 1095 134]).

436 1149 503 1189 De
522 1147 681 1188 influxu
700 1147 743 1186 in
762 1147 951 1187 homines
970 1154 1011 1187 et
1028 1146 1179 1186 bestias
1201 1146 1261 1203 (n.
1281 1158 1382 1186 1200
1401 1152 1473 1196 [De
1487 1155 1571 1186 Am.
1594 1154 1709 1194 conj„
1726 1164 1760 1186 n.
1778 1165 1832 1195 94,
1852 1148 1960 1200 137])-

435 1252 560 1306 Quod
579 1253 707 1292 homo
726 1258 914 1292 nascatur
933 1263 1027 1291 cum
1049 1251 1241 1291 facultate
1264 1257 1308 1291 ut
1330 1251 1457 1304 possit
1478 1250 1564 1290 fieri
1587 1252 1795 1291 rationalis
1817 1258 1856 1291 et
1879 1251 2111 1304 spiritualis,
2132 1259 2171 1291 et

516 1315 630 1369 quod
652 1315 783 1355 bestia
805 1321 995 1355 nascatur
1018 1327 1112 1355 cum
1135 1315 1249 1354 nulla
1278 1315 1472 1355 facultate
1502 1314 1555 1354 ad
1585 1315 1656 1354 illa
1682 1316 1741 1370 (n.
1759 1315 1972 1355 1212-1218
1997 1321 2069 1364 [De
2083 1322 2167 1354 Am.

525 1387 641 1427 Conj.,
658 1396 693 1419 n.
710 1387 765 1428 96,
782 1379 982 1434 151—153]).

438 1477 562 1531 Quod
578 1490 630 1516 ex
646 1477 725 1516 illis
740 1476 867 1517 tribus
883 1482 1074 1529 sequatur
1088 1475 1200 1529 quod
1220 1475 1263 1515 in
1283 1476 1396 1515 omni
1411 1475 1525 1529 quod
1542 1476 1668 1515 homo
1684 1476 1848 1528 cogitat,
1865 1475 2055 1529 loquitur,
2070 1475 2170 1525 vult,

518 1548 559 1582 et
578 1541 676 1593 agit,
696 1541 748 1581 sit
766 1541 962 1580 rationale
983 1547 1022 1581 et
1042 1540 1250 1594 spirituale
1270 1553 1346 1580 suo
1364 1540 1504 1589 modo,
1525 1547 1567 1580 at
1585 1540 1697 1593 quod
1717 1540 1759 1579 in
1783 1540 1895 1580 omni
1914 1540 2026 1594 quod
2045 1541 2173 1581 bestia

517 1611 636 1645 sonat
664 1611 705 1644 et
732 1604 816 1656 agit
845 1617 929 1643 non
958 1604 1009 1644 sit
1036 1603 1234 1643 rationale
1265 1611 1305 1644 et
1327 1604 1535 1657 spirituale
1563 1604 1703 1657 aliquo
1726 1604 1854 1644 modo
1881 1606 1940 1659 (n.
1958 1615 2171 1656 1219-1221

519 1674 591 1717 [De
605 1676 690 1707 Am.
712 1675 827 1715 Conj„
844 1685 879 1707 n.
897 1686 951 1716 94,
970 1686 1042 1715 133,
1060 1666 1171 1722 134])·

438 1733 745 1785 Conseqnenter
765 1731 877 1784 quod
897 1731 940 1770 in
959 1745 1098 1771 amore
1117 1744 1239 1771 sexus
1258 1731 1370 1784 apud
1387 1730 1576 1770 homines
1596 1730 1646 1770 sit
1665 1731 1864 1770 rationale
1888 1737 1928 1771 et
1951 1731 2171 1784 spirituale,

521 1802 562 1837 et
593 1796 691 1836 inde
722 1796 947 1848 imputatio,
979 1803 1019 1836 at
1052 1795 1164 1849 quod
1196 1795 1239 1835 in
1270 1808 1407 1835 amore
1436 1808 1557 1834 sexus
1587 1795 1697 1848 apud
1720 1794 1868 1835 bestias
1892 1809 1975 1835 non
1999 1795 2078 1835 sint
2100 1795 2174 1835 illa

522 1862 580 1913 (n.
597 1871 798 1911 1220-123
803 1862 862 1914 5).

439 1956 565 2010 Quod
588 1956 632 1996 in
655 1957 766 1996 omni
796 1955 908 2009 quod
937 1956 1063 1995 homo
1087 1956 1183 2008 agit,
1204 1956 1255 1996 sit
1282 1957 1517 2009 imputati03
1550 1962 1590 1997 at
1617 1956 1727 2010 quod
1758 1957 1800 1996 in
1820 1957 1933 1996 omni
1953 1957 2064 2011 quod
2083 1957 2172 1997 bes-

520 2021 576 2061 tia
595 2021 691 2073 agit,
713 2034 796 2060 non
817 2021 868 2060 sit
887 2020 1100 2073 imputatio
1122 2023 1182 2075 (n.
1199 2030 1427 2072 1222—1227
1450 2027 1522 2069 [De
1535 2029 1620 2060 Am.
1643 2028 1757 2068 conj„
1773 2039 1808 2061 n.
1825 2020 1917 2078 96]).

442 2126 567 2179 Quod
592 2126 687 2166 ideo
707 2125 740 2165 si
760 2139 876 2166 amor
894 2139 1017 2166 sexus
1035 2126 1147 2179 apud
1170 2126 1358 2166 homines
1379 2126 1482 2166 foret
1500 2126 1604 2167 sicut
1624 2127 1734 2180 apud
1756 2127 1920 2177 bestias,
1940 2127 2065 2167 homo
2088 2141 2174 2168 non

523 2189 621 2229 inde
642 2189 745 2230 foret
763 2190 867 2230 sicut
885 2189 1027 2239 bestia,
1047 2190 1128 2230 sed.
1141 2190 1259 2230 vilior
1277 2190 1407 2230 bestia
1430 2191 1488 2245 (n.
1506 2201 1620 2242 1234,
1641 2191 1775 2246 1235).

445 2286 571 2340 Quod
600 2285 838 2326 discrimina
865 2286 972 2326 inter
998 2299 1181 2326 amorem
1209 2299 1332 2325 sexus
1355 2286 1466 2340 apud
1493 2287 1681 2327 homines
1711 2294 1750 2327 et
1779 2288 1890 2340 apud
1916 2287 2066 2328 bestias
2095 2288 2176 2327 sint

522 2349 658 2402 plura3
689 2349 763 2389 sed
782 2350 893 2403 quod
914 2350 966 2389 ab
985 2350 1076 2389 aliis
1094 2363 1179 2389 non
1198 2349 1328 2389 videri
1357 2351 1512 2403 possint
1535 2364 1660 2403 quam
1689 2351 1742 2390 ab
1771 2351 1852 2391 illis
1881 2352 1951 2404 qui
1974 2358 2175 2392 noverunt

519 2412 757 2453 discrimina
776 2413 880 2453 inter
894 2413 1109 2453 hominem
1129 2419 1170 2454 et
1188 2412 1360 2453 bestiam
1383 2413 1443 2469 (n.
1460 2414 1634 2466 1236-12
1638 2414 1724 2470 38).

441 2510 566 2563 Quod
585 2510 710 2550 homo
730 2523 816 2549 non
835 2516 1023 2550 nascatur
1037 2510 1081 2549 in
1103 2510 1312 2550 scientiam
1332 2511 1482 2551 amoris
1502 2525 1636 2560 sexus,
1653 2512 1726 2552 sed
1746 2512 1857 2565 quod
1876 2512 2009 2552 bestia
2026 2512 2069 2552 in
2089 2526 2174 2552 om-

522 2587 642 2624 nem;
674 2580 714 2614 at
730 2574 841 2627 quod
861 2574 933 2613 illa
947 2574 1117 2614 scientia
1130 2574 1289 2614 homini
1309 2575 1479 2614 scientia
1497 2575 1561 2624 sit,
1578 2575 1731 2616 bestiae
1748 2584 1883 2617 autem
1902 2589 1987 2615 non
2006 2575 2176 2616 scientia

525 2637 585 2695 (n.
606 2649 836 2690 1239—1242
857 2644 929 2686 [De
942 2646 1028 2677 Am.
1053 2645 1170 2685 Conj„
1187 2655 1223 2678 n.
1243 2656 1316 2685 133,
1333 2638 1435 2692 134]).

442 2734 567 2788 Quod
586 2735 682 2788 quia
700 2735 869 2776 scientia
888 2734 932 2775 in
951 2749 1074 2789 quam
1087 2735 1219 2775 bestia
1230 2735 1421 2784 nascitur,
1439 2742 1498 2775 est
1518 2749 1662 2788 expers
1682 2735 1862 2784 rationis,
1878 2749 1962 2776 non
1983 2728 2067 2776 dici
2084 2750 2174 2789 pos·

525 2799 576 2839 sit
595 2799 648 2838 de
667 2799 796 2839 bestia
814 2799 962 2852 aliquis
981 2812 1100 2838 amor
1118 2799 1171 2838 ad
1192 2812 1350 2847 sexum,
1371 2799 1445 2839 sed
1460 2800 1587 2839 modo
1611 2799 1818 2852 analogon
1839 2800 1938 2853 ejus,
1960 2801 2071 2853 quod
2090 2813 2176 2840 non

524 2863 638 2903 aliud
657 2869 719 2903 est
736 2875 860 2916 quam
880 2862 1031 2916 cupido
1052 2876 1102 2902 ex
1124 2869 1258 2902 oestro
1280 2863 1410 2903 carnis
1434 2862 1494 2920 (n.
1516 2863 1781 2918 1243-1246).

443 2959 570 3014 Quod
598 2960 739 2999 omnia
766 2973 872 3012 quae
903 2960 955 2999 de
985 2960 1185 3013 conjugiis
1215 2966 1256 3000 et
1282 2960 1594 3000 scortationibus
1623 2959 1735 3001 ditsta
1758 2967 1864 3008 sunt,
1889 2961 2000 3002 dieta
2023 2961 2101 3001 sint
2122 2962 2174 3001 de

524 3024 780 3073 hominibus;
812 3030 851 3064 et
870 3024 981 3077 quod
997 3037 1081 3063 non
1096 3024 1178 3064 dici
1197 3024 1355 3076 possint
1369 3024 1422 3064 de
1439 3025 1591 3073 bestiis,
1604 3025 1700 3078 quia
1718 3025 1782 3064 h-is
1797 3037 1873 3064 nec
1890 3026 2079 3078 conjugia
2098 3038 2175 3065 nec

524 3087 788 3127 scortationes
808 3093 902 3128 sunt
923 3087 983 3144 (n.
1000 3086 1266 3143 1247—1250).

444 3183 632 3236 Loquela
651 3196 745 3223 cum
759 3183 927 3224 vetustis
948 3184 1087 3236 sophis
1109 3184 1161 3223 de
1181 3184 1418 3223 hominibus
1436 3185 1613 3224 inventis
1633 3186 1675 3224 in
1697 3185 1812 3233 silva,
1834 3192 1875 3224 et
1898 3185 1950 3224 de
1975 3192 2079 3225 statu
2101 3186 2174 3225 ho-

526 3247 685 3286 minum
712 3247 884 3287 relativo
912 3247 967 3287 ad
995 3254 1120 3287 status
1147 3247 1371 3288 bestiarum
1403 3247 1665 3302 (Memorab.‚
1686 3261 1727 3288 n.
1749 3257 1841 3300 1251
1865 3254 1937 3296 [De
1954 3256 2039 3287 Am.
2059 3256 2174 3295 Conj.‚

525 3327 561 3350 n.
581 3321 707 3357 151[*]‚
722 3311 883 3366 154[*]]).

309 3432 669 3484 Bonum.—-Quod
689 3431 847 3471 bonurn
876 3438 916 3472 et
943 3445 1086 3472 verum
1114 3433 1195 3472 sint
1223 3433 1567 3472 universalissima
1594 3433 1637 3472 in
1666 3433 1855 3473 omnibus
1879 3439 1919 3474 et
1938 3434 2109 3486 singulis
2132 3434 2176 3474 in

527 3495 643 3544 caelo
663 3501 702 3535 et
721 3495 764 3534 in
783 3502 888 3535 terra
911 3496 970 3550 (n.
988 3496 1163 3548 306-311
1183 3502 1254 3545 [De
1268 3503 1479 3543 Am.C0nj.‚
1496 3514 1530 3535 n.
1549 3497 1707 3551 84—86]).

447 3597 572 3650 Quod
598 3611 683 3638 non
706 3599 825 3638 detur
850 3599 1005 3638 bonum
1033 3600 1259 3640 solitarium
1290 3612 1366 3640 nec
1385 3613 1529 3639 verum
1555 3600 1792 3649 solitarium,
1817 3602 1891 3641 sed
1919 3602 1990 3641 ubi
2018 3601 2174 3642 bonum

526 3661 584 3700 ibi
602 3675 757 3711 verum,
778 3668 818 3702 et
839 3663 1043 3712 vicissim3
1074 3676 1198 3716 quare
1219 3677 1347 3702 unum
1371 3664 1524 3717 absque
1544 3664 1670 3703 altero
1685 3677 1769 3703 non
1790 3672 1849 3705 est
1869 3665 1946 3705 nisi
1961 3679 2084 3719 quam
2102 3678 2176 3706 ens

526 3725 691 3765 rationis
713 3725 773 3780 (n.
790 3736 965 3778 312-314
985 3732 1056 3775 [De
1070 3735 1155 3766 Am.
1166 3734 1281 3774 conj„
1297 3744 1333 3766 n.
1351 3731 1434 3778 87J).
