2496 4250
979 434 1061 474 DE
1100 433 1484 474 CHARITATE.
2095 435 2154 490 55

295 593 486 643 usque,
515 576 641 642 quia
680 576 901 641 ignorat
941 575 1070 641 quid
1111 582 1423 640 peccatum,
1454 574 1630 625 credit
1672 592 1841 641 usque
1871 574 2020 641 quod
2049 591 2160 624 non

297 663 564 722 peccator
591 655 678 705 sit.
752 652 960 703 Audivi
988 652 1202 719 aliquos
1231 653 1485 704 dicentes
1507 653 1655 719 quod
1679 661 2007 719 peccatores
2030 654 2158 712 sint,

295 734 444 801 quod
472 734 526 784 in
554 733 734 784 omnis
756 731 976 798 generis
999 732 1246 796 peccatis
1269 749 1300 782 a
1323 733 1692 797 conceptione
1717 740 1773 783 et
1803 749 1834 782 a
1862 732 2159 782 nativitate

296 813 426 872 sint,
456 811 605 878 quod
634 810 767 861 nihil
799 810 1080 875 integrum
1109 827 1141 859 a
1168 811 1350 875 capite
1379 810 1449 860 ad
1477 809 1664 860 volam
1705 810 1861 875 pedis
1901 810 1972 860 sit
2013 809 2160 875 apud

294 890 438 951 illos,
462 898 518 941 et
547 889 703 955 plura
730 887 961 951 similia;
1002 895 1058 938 et
1087 888 1214 953 quia
1241 904 1352 938 non
1376 890 1657 939 sciverunt
1686 889 1816 955 quid
1845 896 2158 954 peccatum,

296 985 409 1020 non
448 969 729 1019 sciverunt
769 966 918 1033 quod
957 983 1113 1016 amor
1140 967 1221 1016 sui
1261 974 1318 1016 et
1357 966 1530 1016 fastus
1559 968 1670 1017 sint
1700 967 1886 1032 capita
1913 967 2160 1017 omnium

295 1055 656 1114 peccatorum
679 1064 690 1110 ;
723 1062 836 1096 non
858 1045 1139 1095 sciverunt
1171 1043 1368 1110 [quod]
1394 1045 1524 1095 odio
1545 1045 1750 1095 habere
1779 1053 1836 1096 et
1859 1045 2159 1105 vindicare,

294 1127 465 1178 modo
487 1142 598 1177 non
617 1126 925 1176 honoratur
945 1139 1008 1174 ac
1032 1123 1234 1174 colitur
1255 1124 1397 1174 sicut
1421 1124 1716 1184 semideUS‚
1737 1125 1807 1174 sit
1831 1132 2126 1189 peccatum
2149 1141 2159 1186 ;

295 1221 397 1256 nec
427 1205 575 1271 quod
602 1203 993 1269 blasphemare
1021 1202 1339 1267 proximum
1368 1218 1467 1267 pro
1494 1202 1799 1263 inimicitia,
1829 1210 1886 1253 et
1927 1203 2002 1253 sic
2044 1210 2159 1253 tes-

294 1285 401 1336 tari
439 1283 575 1334 false
614 1290 813 1333 contra
850 1282 1047 1346 ipsum,
1090 1281 1160 1331 sit
1201 1289 1530 1346 peccatum;
1584 1298 1686 1331 nec
1732 1279 1928 1347 [quod]
1970 1280 2159 1331 fallere

294 1363 538 1430 aliquem
576 1361 759 1412 verbis
799 1368 856 1411 et
895 1357 1053 1410 factis
1093 1360 1164 1410 sit
1204 1367 1533 1425 peccatum;
1581 1376 1683 1410 nec
1724 1360 1872 1426 quod
1902 1368 2159 1410 contem-

294 1459 425 1492 nere
448 1440 621 1492 alium
659 1456 790 1506 prae
822 1456 899 1499 se,
929 1438 1175 1488 invidere
1203 1439 1252 1488 ei
1291 1455 1390 1488 sua
1427 1438 1592 1499 bona,
1625 1440 2018 1504 concupiscere
2047 1438 2157 1498 illa,

293 1520 364 1571 sit
392 1526 720 1586 peccatum;
762 1526 881 1569 tum
909 1518 1168 1567 meritum
1197 1533 1404 1582 ponere
1444 1518 1498 1567 in
1539 1517 1795 1567 omnibus
1824 1516 2006 1567 cultus
2036 1517 2156 1578 Dei,

293 1607 412 1650 tam
438 1600 493 1649 in
521 1597 627 1648 fide
655 1613 822 1664 quam
860 1597 915 1646 in
943 1595 1236 1656 charitate,
1267 1597 1338 1646 sit
1378 1604 1708 1661 peccatum;
1751 1604 1972 1661 praeter
1998 1597 2157 1646 innu—

294 1694 447 1729 mera
473 1676 611 1740 alia;
652 1676 836 1726 audivi
863 1693 936 1726 ex
963 1674 1070 1724 illis
1098 1674 1247 1740 quod
1280 1691 1392 1725 non
1421 1675 1685 1725 sciverint
1717 1674 1852 1724 talia
1874 1691 1995 1724 esse
2025 1691 2155 1739 pec-

293 1764 437 1816 cata,
467 1757 578 1806 imo
606 1771 707 1805 nec
737 1754 960 1820 aliquid,
991 1752 1375 1820 qualecunque
1404 1754 1492 1813 sit,
1523 1753 1672 1819 quod
1700 1754 1819 1820 quis
1848 1754 2064 1819 cogitat
2101 1762 2158 1804 et

294 1851 407 1886 non
446 1834 705 1900 loquitur,
735 1841 792 1883 et
833 1832 981 1899 quod
1022 1833 1141 1898 quis
1169 1831 1290 1882 vult
1319 1839 1375 1883 et
1417 1849 1529 1883 non
1557 1832 1720 1883 facit:
1763 1850 1835 1882 ex
1865 1831 1959 1882 illa
1998 1833 2157 1897 igno-

292 1914 475 1965 rantia
506 1911 692 1979 [unus]
728 1912 872 1962 dixit
901 1911 1050 1977 quod
1090 1927 1202 1961 non
1232 1911 1372 1961 sciat
1401 1911 1551 1977 quod
1590 1919 1855 1976 peccator
1883 1911 1988 1974 sit;
2029 1918 2086 1960 et
2115 1911 2159 1960 si

293 1993 414 2053 sim,
439 1993 601 2052 dixit,
626 2008 747 2041 sum
770 1989 1089 2055 purificatus
1118 1989 1187 2040 ab
1210 1988 1315 2039 illis
1338 2006 1463 2040 cum
1492 1991 1644 2040 oravi
1672 1990 1821 2056 quod
1850 2006 1962 2039 non
1986 1989 2157 2039 sciam

290 2088 417 2122 mea
455 2078 707 2136 peccata,
739 2069 908 2129 DeuS,
938 2067 1330 2130 remitte'illa;
1377 2076 1435 2118 at
1475 2069 1640 2129 idem,
1671 2085 1796 2119 cum
1837 2067 2157 2133 exploravit

291 2167 368 2211 se,
398 2149 546 2216 quod
573 2146 780 2199 factum
808 2155 894 2198 est
922 2148 975 2197 in
1004 2146 1213 2197 mundo
1241 2147 1550 2212 spirituum,
1580 2147 1978 2197 animadvertit
2006 2146 2157 2213 quod

290 2236 527 2295 peccata
554 2227 668 2293 ejus
708 2228 762 2276 in
802 2226 900 2277 tali
936 2242 1168 2276 numero
1195 2233 1384 2276 essent
1413 2234 1474 2276 ut
1503 2242 1615 2276 non
1645 2233 1837 2291 posset
1866 2225 1961 2275 illa
1987 2224 2154 2286 effari,

290 2315 348 2358 et
387 2323 606 2374 quoque
646 2305 794 2371 quod
834 2305 1108 2370 potuisset
1148 2305 1192 2354 si
1219 2303 1488 2355 voluisset
1529 2321 1872 2371 cognoscere
1912 2321 1975 2355 ac
2017 2304 2156 2355 scire

289 2385 415 2448 illa;
457 2385 555 2436 sed
583 2385 726 2434 dixit
755 2383 904 2450 quod
942 2383 1048 2434 hoc
1078 2382 1335 2444 noluerit,
1365 2384 1492 2449 quia
1531 2384 1606 2434 sic
1647 2384 1955 2434 abstineret
1984 2383 2155 2433 etiam

289 2465 360 2516 ab
398 2463 504 2514 illis
543 2463 860 2529 cogitandis
899 2470 956 2512 et
985 2461 1257 2524 volendiS,
1285 2462 1435 2528 quod
1473 2462 1653 2512 facere
1681 2462 1824 2512 foret
1853 2469 2050 2512 contra
2070 2461 2154 2527 ju-

289 2542 532 2594 cundum
558 2542 707 2592 vitae
735 2540 865 2606 ejuS.
942 2540 1036 2590 Ex
1063 2541 1148 2591 his
1176 2557 1321 2591 nunc
1351 2548 1528 2606 patet,
1558 2541 1707 2607 quod
1735 2547 2005 2606 quantum
2034 2541 2155 2606 quis

290 2637 402 2672 non
441 2621 735 2686 cognoscit
775 2627 832 2670 et
873 2620 978 2670 scit
1018 2627 1253 2685 peccata
1292 2635 1566 2685 quaenam
1606 2626 1754 2681 sunt,
1784 2626 2006 2670 tantum
2043 2635 2155 2669 non

289 2699 477 2750 videat
505 2698 667 2749 aliter
694 2715 859 2765 quam
888 2699 1036 2764 quod
1063 2698 1272 2765 absque
1302 2699 1550 2764 peccatis
1578 2699 1665 2749 sit.

289 2861 331 2902 6.
376 2859 496 2906 Quod
521 2863 723 2914 quantum
744 2859 840 2914 quis
861 2860 1080 2915 cognoscit
1108 2863 1154 2902 et
1179 2860 1266 2902 scit
1279 2864 1460 2915 peccata
1482 2874 1691 2916 quaenam
1721 2866 1834 2910 sunt,
1858 2866 2022 2904 tantum
2048 2875 2153 2917 pos-

453 2923 516 2966 sit
537 2923 678 2966 ridere
698 2924 770 2966 illa
791 2925 908 2978 apud
919 2937 982 2972 se,
1005 2923 1199 2966 confiteri
1223 2924 1296 2966 illa
1327 2937 1470 2966 coram
1492 2925 1676 2973 Domino,
1700 2929 1744 2967 et
1767 2925 2071 2980 poenitentiam
2100 2926 2154 2968 ab

454 2986 540 3029 illis
560 3000 704 3042 agere.

392 3092 522 3144 Hoc
546 3095 904 3160 consequitur
924 3112 997 3145 ex
1026 3094 1132 3145 illis
1154 3112 1295 3161 quae
1318 3111 1462 3145 nunc
1486 3092 1634 3146 dieta
1656 3103 1801 3146 sunt.
1878 3095 1959 3147 Ut
1982 3095 2152 3147 homo

286 3170 475 3222 videat
503 3188 778 3237 quaenam
805 3181 1040 3237 peccata
1067 3181 1214 3233 sunt,
1243 3173 1369 3224 ideo
1397 3174 1635 3238 primum
1662 3173 1838 3224 Verbi
1864 3173 1961 3224 fuit
2003 3174 2150 3225 Dec-

287 3248 504 3314 aloguS,
534 3257 592 3300 et
630 3250 757 3300 ideo
785 3267 1003 3317 quoque
1044 3251 1367 3317 Decalogus
1406 3259 1492 3302 est
1533 3251 1864 3317 complexus
1904 3253 2151 3303 omnium

288 3326 479 3386 Verbi,
519 3344 687 3393 quare
726 3337 960 3379 vocatur
999 3329 1196 3380 decem
1235 3329 1442 3390 Verba,
1472 3338 1530 3380 et
1576 3347 1673 3395 per
1723 3330 1920 3380 decem
1961 3329 2152 3381 Verba

289 3403 673 3470 significantur
699 3407 888 3457 omnia
914 3425 1046 3458 vera
1082 3409 1137 3457 in
1166 3407 1484 3472 complexu,
1515 3415 1571 3458 et
1611 3408 1738 3459 ideo
1766 3407 1964 3458 similia
1990 3425 2150 3473 prae-

288 3490 455 3547 cepta
481 3491 610 3534 sunt
649 3485 796 3549 apud
835 3502 1031 3536 omnes
1070 3494 1273 3551 gentes
1312 3487 1365 3535 in
1407 3487 1663 3536 universo
1703 3487 1849 3551 apud
1888 3503 2024 3552 quas
2063 3494 2150 3537 est

289 3559 516 3626 religio;
557 3570 614 3612 et
641 3562 812 3613 homo
851 3564 940 3629 qui
980 3564 1085 3614 scit
1124 3564 1271 3630 quod
1300 3564 1410 3614 sint
1450 3563 1604 3629 leges
1646 3564 1897 3625 Divinae,
1927 3572 1984 3615 et
2023 3565 2150 3616 ideo

292 3637 489 3704 [quod]
520 3639 610 3704 qui
651 3639 781 3690 facit
810 3649 1007 3691 contra
1033 3641 1127 3692 illa
1166 3642 1330 3692 saciat
1359 3650 1557 3692 contra
1597 3643 1777 3692 Deum
1807 3660 1902 3692 seu
1931 3651 2146 3708 peccet,

287 3724 477 3781 potest
500 3718 742 3782 recipere
765 3718 1031 3770 influxum
1061 3720 1340 3782 Divinum,
1364 3728 1421 3772 et
1450 3728 1580 3771 tunc
1605 3722 1773 3772 etiam
1796 3721 2147 3772 voluntatem
