2496 4250
771 410 854 450 DE
892 410 1119 450 DIVINA
1158 409 1524 450 TRINITATE.
2019 399 2086 464 63

334 562 384 619 7.
438 550 583 602 Tum
629 551 801 602 etiam
847 569 921 603 ex
967 550 1075 602 hoc
1122 568 1329 602 arcano
1377 550 1511 602 mihi
1557 550 1811 602 revelato
1831 549 2088 616 x—Quod

581 630 814 696 quisque
861 630 1130 680 sortiatur
1176 629 1361 680 locum
1409 631 1463 680 in
1510 629 1689 689 cae10‚
1734 629 1840 680 hoc
1886 638 1992 690 est,
2034 630 2088 679 in

582 707 951 757 societatibus
980 707 1113 772 0]”05,
1135 708 1443 758 secundum
1471 707 1656 758 ideam
1681 707 1785 758 Dei
1808 724 1819 770 ;
1853 715 1911 757 et
1939 707 2089 773 quod

582 785 814 852 quisque
846 786 902 835 in
935 786 1161 836 infernis
1195 787 1501 836 secundum
1538 787 1904 852 negationem
1946 786 2050 835 Dei
2077 804 2088 848 ;

581 872 703 915 tum
736 864 886 931 quod
921 866 1154 930 negatio
1187 865 1347 914 unius
1387 865 1493 915 Dei
1525 865 1657 915 insit
1698 864 1835 914 ideis
1868 863 2090 914 illorum

582 943 673 1009 qui
705 959 765 993 se
797 942 1271 994 confirmaverunt
1305 944 1359 992 in
1388 943 1670 994 Trinitate
1699 941 2012 993 [¹³Nicaena.

338 1021 386 1072 8.
440 1020 608 1088 Quod
637 1038 768 1072 vera
800 1022 986 1071 anima
1015 1029 1072 1072 et
1094 1023 1211 1072 vita
1240 1023 1310 1072 sit
1344 1023 1399 1071 in
1432 1021 1529 1072 illo
1557 1022 1783 1072 homine
1816 1021 2091 1072 ecclesiae

582 1100 674 1167 qui
697 1101 959 1165 agnoscit
989 1100 1294 1150 Dominum
1321 1099 1523 1150 Filium
1548 1100 1653 1151 Dei
1682 1118 1781 1166 pro
1805 1100 1928 1150 Deo
1951 1099 2091 1150 caeli

585 1185 871 1239 etiterrae.
950 1176 1118 1243 Quod
1151 1179 1223 1228 sit
1258 1178 1412 1228 Deus
1441 1177 1580 1228 caeli
1610 1186 1667 1229 et
1696 1186 1897 1238 terrae,
1923 1178 2092 1228 docet

585 1256 713 1322 Ipse
746 1257 894 1323 apud
925 1255 1313 1315 Matthaeum,·
1359 1264 1418 1306 et
1457 1256 1606 1322 quod
1638 1273 1801 1306 verus
1842 1256 1994 1306 Deus
2033 1264 2092 1318 et

585 1333 724 1385 Vita
751 1343 1000 1395 aeterna,
1031 1334 1178 1401 apud
1208 1333 1560 1394 Jolcannmm·
1600 1341 1657 1384 et
1690 1334 1839 1400 quod
1872 1334 1927 1384 in
1962 1333 2093 1399 Ipso

586 1413 769 1463 omnis
809 1413 1105 1479 plenitudo
1139 1413 1470 1463 Divinitatis
1509 1412 1749 1471 habitet,
1785 1412 2092 1462 secundum

585 1490 828 1542 Paulum
842 1509 867 1551 ‚·
907 1499 965 1542 et
993 1491 1142 1558 quod
1174 1492 1245 1541 sit
1275 1490 1549 1556 Jehovah,
1582 1490 1935 1556 Redemptor
1962 1506 2093 1539 nos-

587 1577 691 1630 ter,
717 1569 868 1620 50105
898 1569 1068 1631 13005,
1099 1570 1273 1620 immo
1302 1569 1468 1620 Pater
1495 1569 1869 1630 aeternitatiS,
1894 1584 2093 1619 secun-

588 1648 722 1699 dum
754 1647 1007 1699 Esaiam.

800 2088 1063 2141 CAPUT
1119 2087 1533 2140 OCTAVUM.

237 2263 424 2332 QUOD
455 2273 901 2315 CONEIRMATm
933 2262 1312 2313 TRINITATIS
1346 2262 1798 2321 PERSONARUM,
1834 2272 2097 2323 QUARUM

447 2352 853 2403 UNAQUAEVIS
892 2352 1004 2392 EST
1045 2340 1214 2391 DEus
1265 2352 1345 2391 AB
1398 2350 1717 2400 AETERNO,
1759 2350 2098 2390 SECUNDUM

451 2419 755 2472 SYMBOLA
795 2418 1140 2470 NICAENUM
1181 2431 1260 2469 ET
1300 2419 1848 2479 ATHANASIANUM,
1891 2428 2097 2468 FALSI-

449 2509 788 2549 FICAVERIT
828 2508 1050 2549 TOTUM
1090 2497 1388 2549 VERBUM.

350 2675 392 2712 1.
446 2659 613 2728 Quod
647 2661 879 2728 quisque
918 2660 1239 2712 haereticus
1273 2661 1452 2727 possit
1493 2658 1825 2710 confirmare
1865 2666 1923 2709 et
1963 2675 2099 2708 con-

590 2738 774 2790 firmet
802 2755 959 2789 suam
987 2739 1245 2789 haeresin
1276 2755 1374 2804 per
1401 2731 1672 2798 Vei-bum,
1703 2738 1964 2804 quoniam
1993 2737 2099 2787 hoc

592 2835 690 2884 per
728 2819 1090 2884 apparentias
1136 2825 1193 2868 et
1241 2816 1772 2882 correspondentias
1815 2816 2101 2880 conscrip-

592 2903 713 2946 tum
760 2904 882 2959 est;
935 2914 1105 2962 quare
1145 2895 1398 2946 Verbum
1445 2912 1477 2945 a
1522 2894 1854 2961 quibusdam
1901 2894 2103 2943 dicitur

593 2973 733 3024 liber
764 2975 1013 3024 omnium
1047 2974 1377 3024 haeresium.

349 3064 397 3102 2.
451 3049 618 3117 Quod
658 3051 831 3102 homo
870 3060 1000 3119 post
1042 3051 1531 3102 confirmationem
1571 3067 1684 3100 non
1723 3042 1912 3099 videat
1954 3048 2102 3099 aliud

593 3147 760 3196 quam
782 3131 931 3197 quod
960 3131 1235 3196 dogmata
1258 3129 1372 3194 ejus
1400 3130 1513 3179 sint
1537 3146 1685 3189 vera,
1712 3128 1943 3178 tametsi
1972 3135 2103 3177 sunt

596 3208 752 3259 falsa.

353 3298 399 3350 3.
457 3284 625 3352 Quod
654 3286 947 3353 pluralitas
978 3287 1227 3337 Deorum
1257 3285 1436 3351 possit
1466 3283 1658 3334 multis
1687 3282 2002 3334 confirmari
2030 3301 2104 3334 ex

597 3364 828 3427 Verbo;
879 3373 999 3415 tum
1032 3364 1170 3414 fides
1203 3362 1539 3428 imputativa
1573 3361 1780 3412 Christi
1813 3361 2014 3421 meriti,
2050 3362 2104 3411 in

598 3460 707 3510 qua
739 3450 854 3493 tres
889 3443 978 3492 Dii
1018 3441 1345 3507 singulatim
1374 3457 1501 3489 suas
1530 3447 1722 3504 partes
1754 3438 2002 3500 habent3
2044 3446 2105 3488 ut

600 3529 659 3572 et
699 3521 848 3587 quod
882 3521 1177 3571 charitatis
1210 3535 1382 3584 opera
1422 3517 1559 3567 nihil
1598 3517 1669 3566 ad
1709 3515 1893 3576 fidem,
1930 3523 1987 3566 et
2027 3516 2103 3565 sic

599 3599 671 3649 ad
703 3598 965 3659 salutem,
1001 3598 1310 3648 conferant.

354 3693 403 3742 4.
458 3677 623 3744 Quod
656 3675 948 3743 pluralitas
983 3676 1229 3726 Deorum
1257 3673 1570 3725 confirmari
1598 3673 1775 3740 possit
1810 3690 1882 3724 ex
1910 3672 1996 3722 his
2021 3688 2108 3722 :—
