2496 4250
545 439 624 480 ET
663 437 802 492 EJUS
842 437 1170 478 DOCTRINA
1210 437 1664 478 CAELEST1.—N.
1699 440 1818 493 209.
2019 440 2112 493 123

919 606 981 648 (Ex
1000 615 1159 639 ARCAms
1177 608 1445 649 εΑΕιεετιΒυε.)

338 701 495 748 209.
537 691 683 750 Quod
710 691 992 747 Baptismus
1019 690 1262 748 significet
1285 690 1704 747 regenerationem
1733 704 1761 734 a
1789 689 2005 734 Domino
2033 705 2116 747 per

250 765 364 795 vera
391 750 504 794 fidei
537 764 597 794 ex
623 749 788 793 Verbo
824 751 887 805 (n.
919 759 1049 804 4255,
1080 760 1205 804 5120,
1233 749 1390 804 9089[?
1417 749 2115 805 9088],10239,10386—10388,

254 821 310 853 10
375 820 399 850 2

316 811 487 933 3ς923οᾱ
526 866 809 923 Baptismus
841 866 905 910 sit
939 866 985 908 in
1020 865 1214 922 signum
1243 866 1376 922 quod
1411 866 1563 909 homo
1595 866 1659 910 sit
1691 867 1751 909 ab
1786 867 2003 913 ecclesia
2032 866 2113 909 ubi

248 925 535 983 agnoscitur
564 925 805 969 Dominus
838 938 867 968 a
897 938 996 981 quo
1030 924 1349 981 regeneratio,
1377 933 1426 968 et
1459 924 1540 967 ubi
1574 934 1648 968 est
1672 925 1888 968 Verbum
1924 939 1982 969 ex
2015 938 2116 982 quo

248 997 364 1028 vera
387 983 500 1027 fidei
526 997 610 1039 per
631 997 756 1040 quae
780 983 1087 1041 regeneratio
1112 984 1177 1037 (n
1206 983 1557 1038 10386-10388).

337 1041 484 1100 Quod
515 1041 797 1098 Baptismus
830 1055 928 1085 non
962 1042 1047 1084 det
1080 1041 1227 1084 fidem
1256 1054 1346 1084 nec
1372 1042 1595 1090 salutem,
1623 1043 1708 1085 sed
1743 1043 1876 1099 quod
1906 1049 2116 1086 testetur

248 1101 382 1159 quod
409 1100 650 1157 recepturi
674 1101 759 1157 qui
784 1108 1136 1158 regenerantur
1164 1101 1229 1154 (n.
1259 1103 1433 1154 10391).

336 1207 485 1267 Quod
519 1209 790 1253 lavationes
819 1208 866 1251 in
897 1208 1126 1252 Ecclesiis
1160 1207 1407 1265 Antiquis,
1433 1216 1483 1252 et
1516 1208 1563 1250 in
1590 1208 1808 1252 Ecclesia
1834 1209 2112 1258 Israelitica,

248 1268 721 1324 repraesentaverint
740 1275 789 1311 et
807 1267 920 1310 inde
937 1267 1321 1324 significaverint
1337 1267 1702 1338 purificationes
1717 1281 1746 1310 a
1761 1268 1901 1311 malis
1917 1277 1965 1311 et
1981 1267 2114 1312 falsis

249 1327 316 1383 (n
340 1337 467 1382 3147
491 1325 649 1382 9089[->
673 1326 819 1382 9088]
849 1337 1001 1380 10237
1032 1327 1205 1380 10239)-

337 1383 519 1442 Quod‘
525 1385 819 1428 ‘lavationes
850 1384 1088 1428 vestium’
1094 1384 1513 1441 ’significaverint
1546 1385 1937 1440 purificationem
1973 1385 2114 1429 intel-

248 1441 404 1488 lectus
427 1457 455 1487 a
479 1443 608 1488 falsis
634 1445 699 1498 (n.
726 1444 872 1499 5954).

336 1500 483 1560 Quod
523 1502 746 1545 “lavatio
789 1500 1015 1558 pedum''
1057 1501 1407 1559 significaverit
1446 1501 1838 1558 purificationem
1879 1503 2114 1546 naturalis

253 1560 469 1604 hominis
493 1562 558 1616 (n.
583 1570 710 1615 3147,
739 1561 912 1615 10241).

339 1618 622 1675 Explicatur
653 1620 770 1676 quid
804 1619 1109 1675 significatur
1141 1632 1227 1675 per
1259 1619 1598 1662 “lavationem
1634 1620 1814 1676 pedum
1849 1619 2114 1677 discipulo-

247 1691 355 1721 rum
374 1677 398 1692 ’'
420 1691 450 1721 a
474 1677 691 1721 Domino
716 1679 781 1734 (n.
810 1679 984 1734 10243).

336 1783 484 1843 Quod
509 1785 742 1842 “aquae'’
765 1785 1045 1843 significent
1066 1799 1182 1828 vera
1205 1785 1318 1829 fidei
1344 1787 1409 1840 (n.
1435 1786 1502 1835 28,
1528 1796 1654 1839 2702,
1681 1786 1807 1841 3058,
1834 1785 1959 1842 5668,
1984 1786 2112 1842 8508,

251 1843 482 1960 10239831οἀ
509 1908 533 1924 “
550 1901 660 1946 fons
677 1903 700 1917 ”
724 1910 774 1946 et
797 1908 1012 1959 “puteus
1038 1916 1275 1958 aquarum
1301 1903 1525 1946 vivarum
1544 1903 1568 1917 ”
1592 1902 1836 1960 significet
1857 1917 1972 1947 vera
1998 1903 2111 1947 fidei

245 1974 276 2004 a
298 1960 530 2010 Domino,
556 1961 624 2004 ita
646 1961 863 2004 Verbum
888 1963 954 2017 (n.
979 1964 1128 2017 3424).

386 2020 484 2063 uod
509 2026 532 2042 ‘⁴
550 2020 689 2076 panis
706 2020 729 2034 ''
756 2029 806 2063 et
833 2020 1040 2077 “aqua''
1063 2019 1343 2077 significent
1368 2020 1535 2063 omnia
1562 2021 1691 2064 bona
1716 2021 1897 2064 amoris
1924 2028 1973 2064 et
2000 2034 2114 2064 vera

247 2077 362 2122 fide1
389 2079 453 2132 (n.
475 2078 778 2145 497629323).
846 2136 855 2145 ·
933 2137 941 2145 ι

336 2135 483 2194 Quod
509 2143 749 2193 “spiritus
767 2137 790 2151 '’
817 2136 1062 2194 signlficet
1092 2137 1243 2180 vitam
1278 2138 1395 2187 veri,
1429 2151 1515 2181 seu
1547 2137 1701 2181 vitam
1735 2138 1849 2182 fidei
1885 2139 1950 2194 (n.
1986 2148 2111 2193 5222,

246 2194 781 2334 92819091ξέ11ξξ)5ῑσ)ἱι·ἰω5,1
813 2262 904 2297 et⁴
911 2259 1073 2304 ‘caro;
1079 2254 1317 2311 '’quod‘
1323 2255 1574 2311 ‘spiritus’
1580 2255 1866 2312 'significet
1897 2255 2050 2299 vitam
2085 2268 2114 2298 a

249 2311 480 2362 Domino,
493 2321 587 2356 et‘
594 2313 760 2356 ‘’caro
766 2313 950 2356 'vitam
974 2313 1035 2356 ab
1058 2314 1259 2356 homine
1284 2315 1349 2368 (n.
1379 2314 1552 2368 10283).

336 2370 458 2414 Inde
481 2379 616 2428 patet
638 2371 758 2428 quid
775 2371 1082 2429 significatur
1104 2386 1190 2428 per
1211 2372 1332 2415 haec
1358 2372 1558 2415 Domini
1581 2373 1742 2422 verba,

322 2474 343 2490 u
358 2471 443 2508 Nisi
447 2471 563 2558 Suis,
583 2477 793 2571 ggegelkzatus
819 2472 934 2571 ᾗῗῗτίῐ
963 2483 1013 2509 ex
1039 2483 1146 2519 aqua
1175 2478 1215 2509 et
1243 2473 1394 2520 spiritu,
1416 2484 1498 2509 non
1528 2478 1659 2520 potest
1689 2473 1842 2520 ingredi
1872 2473 1913 2509 in
1944 2483 2112 2520 regnum

489 2533 524 2558 ei
667 2535 688 2559 0
719 2551 727 2559 .
747 2533 798 2559 ln.
818 2532 840 2568 5
895 2535 904 2567 ;

246 2622 379 2679 quod
403 2636 580 2679 nempe
602 2621 695 2666 nisi
722 2622 833 2679 quis
859 2631 1174 2690 regeneratus
1197 2622 1344 2667 fuerit
1371 2637 1457 2680 per
1480 2637 1596 2668 vera
1619 2623 1733 2667 fidei
1766 2632 1815 2667 et
1847 2637 1934 2681 per
1958 2624 2110 2667 vitam

247 2682 519 2724 secundum
543 2681 636 2730 illa,
661 2695 760 2725 non
779 2682 936 2738 possit
958 2682 1135 2725 salvari
1162 2684 1227 2738 (n
1242 2684 1430 2737 10240).

335 2738 482 2797 Quod
501 2740 661 2783 omnis
680 2741 988 2797 regeneratio
1006 2741 1090 2784 fiat
1113 2755 1199 2797 per
1215 2755 1331 2785 vera
1348 2741 1475 2791 fidei,
1495 2749 1544 2785 et
1567 2755 1653 2798 per
1668 2741 1821 2785 vitam
1839 2741 2110 2785 secundum

249 2797 331 2840 illa
355 2799 420 2854 (n.
448 2810 571 2854 1904,
597 2799 723 2852 2046,
747 2799 875 2854 9088,
899 2810 1027 2855 9959,
1057 2800 1232 2854 10028).

336 2905 483 2963 Quod
510 2907 693 2950 lavatio
715 2907 898 2957 totalis,
922 2921 1046 2964 quae
1069 2907 1218 2951 fiebat
1244 2922 1330 2964 per
1356 2908 1720 2952 immersionem
1756 2908 1802 2950 in
1831 2922 1982 2964 aquas
2004 2907 2111 2965 Jor-

249 2965 402 3014 danis,
437 2965 785 3067 significaverit
819 2966 973 3022 ipsam
1008 2967 1443 3024 regenerationem,
1477 2966 1702 3010 similiter
1732 2980 1788 3010 ac
1828 2966 2110 3023 Baptismus

251 3024 318 3078 (τι-
344 3023 479 3079 9089[
525 3024 673 3078 9088]
702 3026 876 3079 10239)

337 3080 468 3139 Quid
502 3082 954 3140 significaverunt“
970 3096 1126 3140 aquae
1156 3082 1429 3140 Jordanis,”
1456 3091 1506 3127 et
1537 3083 1699 3140 quid‘
1705 3083 2008 3141 ‘’'Jordanes
2045 3086 2110 3138 (n.

254 3139 376 3196 Ι585
399 3142 550 3196 4255)

338 3247 514 3306 Quod‘
520 3249 782 3292 ‘diluvium
798 3249 822 3263 '’
840 3258 890 3292 et
909 3249 1205 3292 “inundatio
1218 3263 1454 3306 aquarum
1470 3250 1494 3264 ''
1512 3249 1791 3307 significent
1807 3250 2108 3293 tentationes

252 3307 561 3374 (ιι-600105,
585 3317 682 3362 739·
708 3307 806 3374 756,
831 3318 928 3362 790,
958 3318 1080 3363 5725,
1105 3308 1254 3363 6853)-

339 3363 576 3409 Simlliter
598 3372 622 3387 “
638 3365 921 3421 Bapt1smus
938 3366 961 3380 ”
986 3368 1052 3421 (n.
1079 3377 1203 3421 5120,
1234 3365 1406 3421 10389).

339 3421 607 3481 Quomodo
630 3433 1023 3481 repraesentatus
1045 3433 1119 3469 est
1145 3424 1426 3482 Baptismus
1450 3437 1475 3468 e
1498 3425 1634 3468 caelo
1659 3425 1723 3480 (n.
1749 3425 1897 3481 2299).
