2496 4250
891 433 1094 474 INDEX
1134 432 1355 472 RERUM
1396 429 1602 470 PRIOR.
2148 435 2181 467 V

443 575 568 631 Quod
587 574 854 628 inaequalitas
874 573 917 613 in
936 572 1171 622 mundanis,
1188 584 1292 625 quae
1309 576 1509 618 amantur,
1526 569 1581 608 ad
1597 581 1778 608 amorem
1801 575 1869 607 aut
1885 568 1938 607 ad
1959 568 2182 607 amicitiam

522 641 627 682 inter
646 639 840 692 conjuges
860 637 1108 691 quandoque
1130 636 1312 676 conferat
1335 634 1394 692 (n.
1413 634 1642 686 1628-1633
1663 639 1736 682 [De
1753 641 1840 672 Am.
1862 639 1979 678 Conj„
1998 649 2032 672 n.
2051 634 2162 685 287]).

442 737 567 792 Quod
596 750 718 777 causa
747 735 896 775 favoris
925 733 1159 787 apparentis
1187 739 1232 773 ut
1260 731 1452 780 amicitia,
1474 738 1542 772 aut
1571 737 1614 771 ut
1637 743 1767 778 amor,
1789 730 1839 770 sit
1863 743 1979 769 amor
1997 729 2110 782 pacis
2135 730 2178 768 in

523 802 663 912 don)10,
687 806 726 841 et
754 812 869 839 amor
896 798 1030 837 famae
1060 803 1175 837 extra
1204 797 1375 836 domum
1402 795 1461 852 (n.
1480 795 1708 847 1634-1637
1728 800 1801 843 [De
1815 802 1900 833 Am.
1920 801 2036 841 Conj.,
2054 811 2088 833 n.
2107 802 2180 842 285,

523 863 599 906 286]
626 887 635 897 .

441 953 565 1007 Quod
587 966 709 993 causa
728 951 879 991 favoris
893 950 1124 1003 apparentis
1144 955 1187 989 ut
1207 948 1386 989 amicitia
1405 955 1475 988 aut
1495 961 1623 996 amor,
1644 948 1694 987 sit
1714 948 1826 1001 quod
1843 960 1958 995 uxor,
1976 947 2074 1003 dum
2095 959 2179 987 ces-

521 1029 583 1058 sat
602 1016 788 1070 potentia
811 1015 960 1062 mariti,
986 1027 1071 1053 non
1087 1019 1219 1053 cesset
1247 1012 1384 1052 favere
1409 1012 1482 1052 illi.
1544 1013 1628 1051 Hic
1653 1012 1768 1051 favor
1791 1018 1924 1064 potest
1948 1011 2035 1051 fieri
2066 1024 2182 1051 amor

521 1094 615 1121 cum
635 1085 931 1120 consenescunt
954 1078 1013 1133 (n.
1031 1077 1263 1129 1637-1640
1283 1083 1356 1125 [De
1370 1084 1455 1115 Am.
1478 1083 1594 1123 conj„
1610 1093 1645 1115 n.
1666 1076 1776 1130 290]).

439 1179 506 1218 De
526 1184 631 1218 statu
651 1175 936 1216 familiaritatis
955 1175 1061 1215 inter
1077 1173 1273 1226 conjuges
1284 1188 1296 1222 ;
1330 1172 1441 1212 unde
1466 1172 1550 1220 illa,
1572 1178 1612 1212 et
1632 1172 1764 1224 qualis
1785 1173 1842 1227 (n.
1860 1171 1997 1227 1639).

301 1302 425 1345 Amot·
442 1302 486 1344 in
501 1299 760 1357 ‚qenes-e.—[
775 1299 977 1339 Videatur
998 1299 1221 1338 INDEXAL
1230 1310 1327 1344 TER,
1348 1309 1378 1335 s,
1401 1309 1439 1335 v.
1459 1294 1622 1348 Amor-,J
1687 1293 1816 1350 (Vide
1839 1295 1965 1334 etiam
1990 1292 2177 1341 affectio,

519 1364 645 1406 Amor
663 1363 738 1406 sm'
758 1366 804 1405 et
825 1360 1051 1416 mundam)

437 1438 561 1491 Quod
582 1449 704 1477 omne
722 1436 879 1476 bonum
899 1434 1047 1475 amoris
1069 1434 1119 1474 sit
1140 1447 1164 1473 a
1184 1432 1367 1474 Domino
1391 1431 1450 1488 (n.
1474 1440 1607 1483 33-35
1633 1437 1706 1479 [De
1720 1438 1805 1470 Am.
1830 1437 1946 1477 conj„
1967 1447 2003 1469 n.
2022 1431 2105 1483 84]).

437 1533 561 1587 Quod
581 1533 630 1574 sit
651 1545 764 1572 amor
780 1531 822 1571 in
846 1545 929 1585 quo
951 1531 1078 1571 homo
1099 1537 1171 1580 est,
1192 1530 1236 1569 in
1256 1543 1338 1582 quo
1357 1529 1550 1576 mundus,
1567 1534 1606 1568 et
1627 1527 1668 1566 in
1685 1541 1766 1580 quo
1789 1528 1903 1567 Deus
1929 1528 1999 1583 (de
2016 1527 2179 1580 quibus,

540 1610 580 1638 n·
604 1597 692 1651 34)-

437 1695 524 1752 (De
540 1694 692 1734 unione
707 1693 858 1733 amoris
873 1698 912 1732 et
927 1692 1166 1745 sapientiae,
1176 1704 1248 1731 seu
1263 1691 1362 1730 boni
1377 1696 1417 1730 et
1429 1689 1529 1739 veri,
1544 1690 1638 1730 vide
1654 1687 1898 1745 conjugium
1911 1687 2172 1743 splh'tuale.)

435 1792 560 1847 Quod
582 1791 708 1832 homo
732 1804 816 1830 non
839 1791 966 1843 possit
989 1802 1127 1829 amare
1152 1788 1396 1836 Dominum,
1410 1788 1482 1827 sed
1506 1787 1549 1827 id
1574 1787 1685 1840 quod
1710 1792 1770 1826 est
1793 1786 1845 1826 ab
1870 1787 1967 1839 Ipso
2001 1787 2173 1841 (illustr.

515 1869 557 1896 n.
575 1865 642 1907 70,
666 1854 745 1910 71).

435 1921 519 1961 Sed
539 1920 651 1974 quod
671 1933 695 1959 a
715 1918 899 1958 Domino
918 1917 1043 1971 possit
1063 1929 1199 1956 amare
1220 1916 1323 1956 sicut
1343 1930 1368 1956 a
1388 1929 1430 1955 se
1454 1916 1626 1969 (illustr.
1649 1928 1690 1955 n.
1716 1923 1812 1966 71-7
1817 1914 1877 1969 3).

434 2016 560 2070 Quod
583 2016 634 2056 sit
654 2028 771 2055 amor
794 2028 819 2054 a
844 2014 1028 2054 Domino
1048 2013 1312 2061 masculinus,
1334 2019 1373 2052 et
1397 2012 1510 2066 quod
1533 2012 1584 2052 sit
1607 2011 1850 2061 femininus3
1883 2011 1956 2051 sed
1977 2011 2090 2064 quod
2109 2024 2172 2050 us-

516 2093 597 2134 que
616 2093 701 2118 non
720 2079 788 2118 fiat
801 2079 947 2132 plenus
962 2078 1038 2118 nisi
1059 2091 1133 2131 per
1144 2084 1360 2130 utrumque
1377 2076 1498 2116 simul
1521 2075 1581 2131 (n.
1601 2085 1654 2127 74
1675 2082 1747 2125 [De
1761 2084 1847 2115 Am.
1868 2082 1984 2122 conj„
2001 2092 2035 2114 n.
2054 2093 2107 2122 32,
2120 2093 2172 2122 33,

513 2135 606 2191 90])·

434 2235 501 2274 De
525 2232 806 2286 progressione
830 2232 978 2271 amoris
1002 2231 1106 2271 sicut
1129 2230 1233 2279 finis,
1257 2243 1392 2278 causa,
1415 2236 1454 2269 et
1474 2228 1663 2278 effe&us;
1696 2242 1766 2269 seu
1791 2229 1895 2268 sicut
1918 2241 2045 2277 amor,
2067 2228 2171 2281 sapi-

517 2298 639 2346 entia,
661 2303 700 2337 et
719 2309 816 2336 usus
839 2295 955 2351 (vide
978 2295 1137 2349 Causa)
1165 2295 1224 2350 (n.
1248 2303 1403 2346 79-100
1425 2300 1497 2342 [De
1511 2301 1597 2333 Am.
1621 2300 1737 2340 conj„
1754 2310 1788 2332 n.
1807 2310 1881 2340 400,
1898 2299 2002 2346 401]).

435 2395 502 2434 De
526 2407 637 2433 nexu
658 2393 806 2504 a1310ris
832 2392 1074 2446 conjugialis
1098 2404 1192 2431 cum
1216 2391 1422 2431 amoribus
1447 2390 1550 2430 caeli
1577 2391 1636 2445 (n.
1654 2399 1838 2441 147-222
1859 2395 1932 2438 [De
1945 2396 2032 2428 Am.
2053 2395 2168 2435 conj„

514 2467 549 2489 n.
567 2455 691 2497 65-69]
719 2480 727 2488 .

433 2547 557 2600 Quod
571 2545 854 2600 perceptiones
867 2545 1093 2585 formentur
1108 2558 1159 2583 ex
1176 2543 1473 2592 affectionibus,
1491 2550 1530 2583 et
1545 2542 1658 2596 quod
1673 2540 1910 2582 affectiones
1925 2541 2004 2581 sint
2021 2543 2170 2580 amoris

516 2610 575 2667 (n.
593 2620 663 2661 147
687 2616 759 2659 [De
772 2617 858 2649 Am.
883 2616 998 2656 Conj.,
1015 2626 1050 2648 n.
1071 2609 1180 2663 197]).

431 2717 556 2770 Quod
585 2715 717 2756 forma
746 2716 896 2756 amoris
919 2715 962 2754 in
991 2728 1074 2768 quo
1102 2715 1229 2754 homo
1262 2720 1323 2754 est
1350 2714 1394 2753 in
1422 2713 1580 2753 mundo
1603 2718 1768 2752 maneat
1797 2718 1888 2765 post
1916 2718 2104 2760 mortem,
2128 2718 2167 2752 et

513 2794 641 2820 unum
661 2780 784 2820 faciat
804 2793 897 2890 cum
927 2779 1057 2818 forma
1078 2779 1280 2819 societatis
1301 2779 1344 2817 in
1366 2791 1490 2831 quam
1513 2778 1623 2818 venit
1650 2776 1709 2833 (n.
1728 2777 1820 2826 208,
1842 2783 1881 2816 et
1897 2791 1973 2830 seq.
1993 2782 2064 2825 [De
2078 2784 2165 2815 Am.

518 2843 634 2882 Conj.‚
650 2853 684 2875 n.
703 2842 825 2883 34—36]
854 2867 862 2874 .

432 2935 498 2974 De
519 2946 657 2973 amore
678 2946 774 2985 erga
792 2931 1039 2996 proximum,
1063 2932 1175 2971 varia
1195 2931 1251 2985 (n.
1270 2939 1343 2982 514
1363 2937 1435 2978 [Dc
1450 2938 1535 2969 Am.
1557 2937 1672 2977 Cous„
1689 2947 1724 2969 n.
1743 2930 1848 2980 269]).

432 3037 557 3090 Quod
577 3050 692 3076 amor
711 3037 762 3077 sit
781 3036 972 3076 voluntas
994 3036 1037 3075 in
1057 3043 1208 3084 mente,
1229 3042 1397 3074 conatus
1418 3035 1461 3073 in
1482 3047 1665 3087 corpore,
1686 3040 1726 3074 et
1750 3034 1819 3074 fiat
1839 3032 1955 3074 aestus
1976 3045 2070 3073 cum
2094 3033 2164 3073 de-

511 3102 750 3142 terminatur
772 3101 830 3155 (n.
849 3100 942 3152 528,
966 3109 1045 3152 529
1066 3107 1139 3148 [De
1152 3108 1238 3139 Am.
1262 3106 1377 3146 Conj.,
1393 3116 1428 3137 n.
1447 3098 1557 3154 ²15])-

431 3207 556 3261 Quod
582 3207 709 3247 homo
738 3206 788 3246 sit
811 3206 941 3245 forma
965 3206 1126 3254 amoris,
1147 3205 1370 3258 sapientiae
1395 3211 1434 3244 et
1456 3218 1550 3244 usus
1578 3204 1690 3259 (vide
1714 3203 1842 3246 Homo
1865 3209 1904 3243 et
1924 3203 2049 3256 Usus)
2072 3203 2164 3259 ([De

510 3279 597 3310 Am.
625 3277 740 3316 Conj„
756 3287 791 3308 n.
811 3270 922 3325 361]).

432 3367 556 3420 Quod
580 3380 696 3406 amor
712 3366 899 3476 prop)riae
919 3366 1142 3419 sapientiae
1157 3365 1379 3418 pessundet
1399 3365 1532 3405 virum
1556 3364 1614 3420 (n.
1634 3373 1656 3415 7
1661 3373 1766 3416 34-7
1771 3375 1824 3416 39
1845 3369 1918 3413 [De
1937 3371 2023 3404 Am.
2044 3371 2160 3411 Conj„

513 3439 548 3461 1¹·
567 3430 620 3468 88,
639 3439 711 3470 193,
733 3428 806 3470 353]
834 3453 842 3461 -

432 3518 556 3571 Quod
576 3530 698 3558 causa
715 3517 873 3570 frigoris
896 3517 999 3558 inter
1022 3518 1216 3571 conjuges
1236 3517 1412 3557 exterior
1430 3516 1480 3556 sit
1503 3529 1617 3556 arnor
1637 3516 1878 3555 dominandi
1901 3515 1985 3565 uni,
2007 3523 2046 3557 et
2068 3517 2160 3570 plus

513 3582 548 3621 si
567 3581 726 3634 utrique
748 3581 808 3636 (n.
826 3589 1014 3633 939-945
1038 3587 1111 3629 [De
1124 3588 1211 3620 Am.
1235 3587 1402 3627 Conjqn.
1421 3579 1530 3635 248J).

432 3677 556 3731 Quod
580 3690 694 3716 amor
716 3677 957 3716 dominandi
985 3676 1189 3717 discindat
1217 3689 1399 3716 amorem
1429 3675 1724 3729 conjugialem3
1764 3675 1878 3716 varia
1904 3674 1963 3733 (n.
1985 3685 2064 3729 945
2087 3682 2161 3725 [De

513 3747 599 3780 Am.
622 3747 737 3787 Conj.‚
752 3757 788 3779 n.
805 3740 915 3794 248]).
