2496 4250
460 440 559 479 100
979 440 1062 479 DE
1102 439 1273 479 NOVA
1316 439 1774 480 HIEROSOLYMA

453 577 668 638 licetur,
712 586 768 628 et
817 595 1034 645 quoque
1083 579 1288 628 bonum
1335 579 1484 639 facit,
1533 580 1577 629 is
1622 596 1748 630 cum
1797 581 1949 631 venit
1994 580 2048 630 in
2094 587 2309 633 statum

453 656 704 716 liberum,
736 657 789 706 in
814 658 988 707 vitam
1025 657 1155 706 mali
1189 658 1428 722 priorem
1457 659 1633 708 redit:
1677 658 1842 709 aliter
1872 659 2069 709 bonus.

557 740 722 803 169.
776 738 1078 804 Postquam
1121 739 1291 788 homo
1332 756 1390 788 se
1437 739 1855 805 exploraverat,
1897 749 1955 791 et
1997 748 2310 806 agnoverat

453 833 551 864 sua
585 824 838 881 peccata,
859 824 927 876 ‚et
963 817 1371 880 paenitentiam
1405 826 1619 882 egerat,
1657 819 1908 869 manebit
1949 826 2221 868 constans
2254 819 2309 868 in

453 893 603 942 bono
636 911 808 959 usque
842 894 911 943 ad
942 893 1108 943 finem
1132 896 1283 944 vitae
1307 913 1316 955 ;
1359 895 1402 944 si
1431 896 1579 945 enim
1613 897 1741 946 dein
1765 896 2034 947 relabitur
2055 896 2109 946 in
2132 897 2310 946 vitam

453 971 585 1020 mali
637 972 896 1036 priorem,
939 981 996 1022 et
1050 972 1192 1022 hanc
1248 971 1623 1039 amplectitur,
1666 982 1798 1024 tunc
1851 974 2126 1040 profanat,
2181 990 2310 1024 nam

452 1058 586 1099 tunc
621 1049 830 1099 malum
859 1051 1150 1115 conjungit
1185 1051 1367 1113 bono;
1410 1044 1539 1101 inde
1573 1059 1758 1101 status
1791 1051 1906 1117 ejus
1940 1052 2218 1118 posterior
2250 1051 2311 1103 fit

452 1128 605 1194 pejor
639 1130 836 1194 priori;
879 1131 1188 1180 secundum
1225 1130 1452 1180 Domini
1486 1131 1675 1190 verba,

535 1241 784 1292 “QuandO.
804 1241 1076 1280 .irnmundus
1099 1242 1278 1291 spiritus
1301 1243 1390 1280 exit
1415 1243 1469 1280 ab
1493 1242 1687 1289 homine,
1710 1243 1988 1292 perambulat
2009 1243 2182 1282 arentia
2202 1243 2312 1288 loca,

670 1308 884 1345 quaerens
907 1297 1100 1346 requiem
1119 1297 1197 1334 sed
1220 1309 1309 1334 non
1334 1297 1503 1335 invenit
1522 1309 1529 1343 ;
1562 1305 1665 1335 tunc
1686 1298 1804 1342 dicit,
1830 1297 2046 1335 Revertar
2066 1298 2110 1335 in
2129 1297 2311 1336 domum

671 1362 827 1395 meam,
845 1351 961 1388 unde
983 1352 1098 1388 exivi
1116 1363 1122 1394 ;
1156 1363 1340 1401 cumque
1363 1352 1484 1389 venit
1505 1359 1548 1389 et
1569 1352 1731 1400 reperit
1752 1351 1872 1389 illam
1889 1363 2086 1398 vacuam,
2100 1358 2143 1390 et
2164 1352 2312 1401 scopis

669 1413 915 1454 purgatam,
938 1414 980 1442 et
1005 1414 1208 1443 ornatam
1235 1407 1332 1451 sibi,
1357 1413 1459 1443 tunc
1484 1406 1574 1444 abit
1600 1414 1643 1444 et
1668 1405 1872 1455 adjungit
1896 1406 1978 1444 sibi
2004 1414 2174 1455 septem
2200 1406 2312 1444 alios

669 1459 849 1508 spiritus
871 1459 1046 1508 pejores
1069 1472 1128 1505 se,
1153 1468 1194 1497 et
1218 1461 1407 1508 ingressi
1429 1460 1630 1498 habitant
1651 1460 1711 1498 ibi
1733 1472 1741 1507 ;
1771 1468 1815 1498 et
1837 1460 1947 1498 fiunt
1968 1460 2216 1510 posteriora
2236 1460 2314 1498 ho·

669 1514 803 1551 minis
826 1513 979 1563 pejora
1001 1515 1152 1563 primis
1168 1514 1188 1526 '’
1210 1515 1389 1563 (Matth.
1411 1515 1481 1553 xii.
1498 1514 1662 1564 43-45).

454 1621 602 1688 Quid
636 1623 969 1688 profanatio,
1002 1624 1259 1674 videatur
1286 1624 1339 1673 in
1369 1623 1856 1690 subsequentibus.

1123 1795 1184 1836 (Ex
1203 1804 1362 1827 ARcAms
1379 1795 1644 1836 camasi-inus.)

452 1888 595 1936 170.
637 1880 712 1921 De
732 1880 930 1921 Peccato
949 1893 1028 1921 seu
1051 1879 1201 1921 Malo.

541 1977 687 2036 Quod
708 1978 1081 2022 innumerabilia
1097 1992 1276 2035 genera
1294 1979 1406 2022 mali
1426 1987 1475 2022 et
1493 1978 1599 2022 falsi
1620 1979 1799 2022 dentur
1815 1979 1879 2034 (n.
1902 1977 2023 2029 1188,
2048 1991 2169 2030 1212,
2185 1979 2314 2033 4818,

451 2037 756 2092 4822.7574l

542 2095 688 2154 Quod
708 2096 771 2138 sit
790 2096 972 2138 malum
997 2110 1055 2139 ex
1080 2095 1215 2145 falso,
1235 2096 1368 2152 quod
1393 2096 1456 2139 sit
1479 2095 1654 2139 falsum
1678 2109 1738 2138 ex
1762 2096 1904 2145 malo,
1923 2109 1980 2139 ac
2003 2096 2181 2139 iterum
2201 2096 2315 2140 inde

454 2155 636 2197 malum
660 2163 710 2197 et
732 2154 908 2197 falsum
935 2157 1000 2210 (n.
1031 2155 1150 2209 1679,
1178 2167 1303 2211 2243,
1327 2155 1477 2209 4818).

542 2211 674 2270 Quid
698 2222 746 2256 et
769 2213 911 2269 quale
936 2214 1117 2256 malum
1143 2213 1247 2256 falsi
1276 2215 1340 2268 (n.
1366 2214 1491 2266 2408,
1514 2213 1642 2266 4818,
1663 2223 1789 2266 7272,
1813 2212 1970 2268 8266[?
1994 2213 2142 2269 8265],
2165 2213 2316 2269 8279).

544 2272 607 2314 Et
628 2272 746 2328 quid
770 2281 820 2314 et
843 2272 985 2327 quale
1009 2271 1183 2315 falsum
1210 2273 1322 2314 mali
1349 2274 1413 2327 (n.
1437 2272 1565 2327 6359,
1591 2282 1717 2324 7272,
1741 2283 1868 2327 9304,
1898 2273 2071 2327 10302).

544 2330 619 2374 De
643 2331 782 2374 malis
806 2344 893 2374 sua
914 2331 1068 2386 culpa,
1094 2339 1143 2373 et
1166 2331 1226 2373 de
1252 2331 1390 2374 malis
1414 2344 1512 2373 non
1537 2344 1625 2373 sua
1647 2331 1791 2386 culpa
1817 2332 1881 2385 (11.
1903 2342 2032 2383 4171,
2055 2331 2206 2385 4172).

546 2389 619 2431 De
643 2390 783 2432 malis
806 2403 866 2432 ex
889 2388 1155 2437 intellectu,
1180 2397 1228 2432 et
1252 2389 1312 2432 de
1337 2390 1477 2432 malis
1498 2402 1559 2431 ex
1581 2389 1838 2431 voluntate
1866 2391 1931 2444 (n.
1955 2390 2104 2444 9009).

546 2447 920 2497 praevaricatio,
950 2448 1193 2504 iniquitas,
1222 2457 1271 2490 et
1310 2456 1579 2503 peccatum,
1613 2461 1738 2504 quae
1771 2447 2063 2498 differentia.
2088 2450 2153 2503 (n.
2185 2446 2314 2503 6563,

455 2507 605 2562 9156)

545 2616 692 2722 guod
717 2618 883 2660 omnia
906 2619 1033 2660 mala
1056 2618 1355 2661 adhaereant
1393 2617 1582 2660 homini
1609 2622 1673 2673 (n.
1699 2617 1846 2671 2116)

594 2677 691 2719 uod
717 2676 904 2719 homini
932 2691 1030 2719 non
1059 2675 1235 2719 auferri
1266 2677 1457 2732 possint
1484 2677 1623 2724 mala,
1647 2676 1733 2719 sed
1762 2676 1912 2719 modo
1935 2675 2087 2719 homo
2105 2675 2314 2719 detineri

456 2736 517 2778 ab
542 2735 649 2783 illis,
674 2743 722 2778 et
744 2735 901 2778 teneri
926 2735 973 2777 in
997 2736 1130 2778 bono
1156 2742 1219 2789 (n.
1244 2735 1341 2790 865,
1364 2735 1461 2784 868,
1486 2735 1583 2787 887,
1608 2735 1705 2790 894,
1735 2735 1856 2790 1581,
1879 2735 2007 2789 4564,
2032 2734 2158 2783 8206,
2187 2734 2314 2790 8393,

457 2794 584 2849 8988
609 2806 736 2849 9914
760 2807 887 2849 9333
911 2794 1184 2849 9446-9448
1209 2804 1336 2848 9451
1362 2804 1516 2860 19957
1543 2795 1715 2848 10059)

546 2852 692 2898 Ouod
712 2853 918 2895 detineri
942 2866 970 2895 a
993 2853 1121 2895 malo
1144 2866 1199 2895 ac
1218 2852 1372 2895 teneri
1397 2852 1444 2894 in
1465 2853 1595 2895 bono
1614 2852 1698 2895 fiat
1720 2865 1748 2894 a
1770 2852 1875 2894 solo
1896 2851 2112 2894 Domino
2133 2853 2196 2906 (n.
2216 2863 2314 2906 929,

459 2913 585 2965 2406,
610 2911 736 2960 8206,
767 2911 947 2966 10059[?
976 2912 1168 2965 10060])

545 2970 692 3036 Quod
713 2970 781 3012 sic
800 2971 926 3013 mala
943 2979 992 3013 et
1011 2979 1211 3026 peccata
1228 2970 1388 3013 solum
1406 2977 1763 3019 removeantur,
1781 2977 1831 3012 et
1847 2969 1981 3025 quod
2000 2968 2094 3011 hoc
2110 2967 2194 3011 fiat
2207 2981 2317 3012 suc-

457 3030 642 3071 cessive
668 3030 731 3082 01
756 3029 1050 3084 9334-9336)

548 3086 695 3144 Quod
719 3087 814 3130 hoc
837 3087 922 3130 fiat
944 3101 1029 3143 per
1053 3087 1471 3144 regenerationem
1498 3100 1526 3129 a
1550 3085 1767 3129 Domino
1802 3087 1866 3141 (n.
1890 3095 2017 3159 9445,
2041 3095 2315 3141 9452-9454‚

458 3147 695 3262 993{uod
721 3204 847 3250 mala
870 3205 1126 3247 secludant
1154 3203 1423 3246 Dominum
1451 3204 1514 3258 (n.
1543 3202 1688 3257 5696).

548 3264 693 3320 Quod
714 3264 864 3306 homo
882 3263 1125 3306 abstinere
1144 3263 1319 3305 debeat
1341 3275 1369 3305 a
1388 3262 1540 3311 malis,
1560 3269 1613 3304 ut
1633 3261 1833 3318 recipiat
1850 3262 2035 3304 bonum
2053 3273 2081 3303 a
2099 3259 2318 3304 Domino

462 3323 526 3377 (n
548 3323 728 3438 IQoiigg)
734 3381 918 3422 bonum
953 3389 1002 3423 et
1034 3394 1204 3422 verum
1239 3387 1431 3422 tanturn
1466 3379 1685 3428 influant,
1708 3386 1948 3435 quantum
1981 3377 2259 3420 abstinetur
2288 3390 2317 3420 a

460 3453 522 3480 m
513 3439 599 3481 ilis
626 3440 689 3491 (n.
715 3439 840 3493 2388,
867 3451 990 3492 2411,
1021 3439 1193 3492 10675).

550 3496 769 3540 Detineri
798 3511 825 3539 a
853 3498 981 3540 malo
1007 3506 1056 3540 et
1082 3497 1238 3540 teneri
1275 3496 1322 3538 in
1346 3497 1490 3545 bono,
1514 3495 1647 3551 quod
1670 3494 1732 3538 sit
1758 3494 1980 3537 remissio
2004 3502 2316 3550 peccatorum

461 3556 527 3611 (9·
552 3555 677 3610 8391
703 3555 829 3610 8393
853 3568 979 3610 9014
1003 3557 1299 3620 9444-9459)

549 3613 698 3669 Signa
721 3628 837 3656 num
863 3614 1065 3657 remissa
1085 3614 1184 3656 sint
1209 3621 1407 3669 peccata
1428 3612 1505 3655 vel
1530 3625 1628 3654 non
1655 3613 1719 3666 (n
1743 3622 1870 3665 9449,
1894 3612 2044 3666 9450).

550 3671 696 3730 Quod
717 3673 1017 3716 remissionis
1037 3681 1348 3728 peccatorum
1368 3671 1431 3715 sit
1453 3670 1668 3727 aspicere
1690 3683 1751 3713 ex
1774 3670 1905 3713 bono
1923 3679 1971 3713 et
1990 3683 2088 3712 non
2106 3681 2167 3712 ex
2186 3667 2316 3711 malo

465 3731 702 3786 (9·7997λ
