2496 4250
349 418 689 459 ECCLESIAE
722 418 1212 471 ANTIQUISSIMAE
1245 420 1781 462 DECLINATIO.-—N.
1811 400 1892 476 29.
1997 426 2063 478 39

303 569 419 622 29.
468 556 575 614 (iii.)
621 557 818 608 Tot-tius
841 562 1011 609 status
1033 558 1181 625 hujus
1216 559 1501 619 Ecclesiae,
1528 560 1617 628 qui
1647 566 1731 611 est
1764 561 1872 628 ejus
1898 562 2063 614 Decli-

199 637 335 687 natio
359 640 415 686 ot
439 635 656 701 Vespera
681 640 735 685 et
761 640 969 685 vocatur·
996 635 1232 695 Vas-tatio,
1255 637 1585 688 describitur
1606 639 1658 688 in
1686 640 1854 689 tertio
1877 641 2060 706 capite

202 715 480 775 GeneseOS,
515 732 611 782 per
643 715 812 766 haec:

283 840 310 858 ⁸⁸
324 839 516 932 Serqgens
538 836 680 931 factas
711 846 778 931 ecsit
808 846 978 931 astutius
1001 851 1104 931 piae
1125 839 1373 932 omniEfera
1393 840 1487 890 agri
1508 853 1639 891 quam
1662 841 1826 934 fecderat
1855 841 2059 893 Jehovah

460 906 551 932 eus.
666 905 702 931 ic
765 900 843 931 ixit
877 906 903 931 a
963 905 1038 931 mu
1058 906 1192 932 ierem
1285 902 1391 933 tiam
1456 907 1504 933 ro
1670 896 1711 934 ui
1805 897 1860 934 ix‘

416 947 517 987 Non
541 947 781 986 comedetis
799 947 853 985 de
875 947 996 985 omni
1019 949 1176 986 arbore
1196 925 1343 988 borti?
1424 897 1807 1000 ἓυῐξιὲῗεὲἰεεῐεξίῑ
1828 897 2060 991 τπιιῑυΙξΞξυειεεί

415 1010 682 1052 serpentem,
713 1003 779 1042 De
808 999 952 1039 frudtu
966 1003 1137 1040 arboris
1173 1000 1309 1053 horti]
1324 1005 1610 1042 comedemus
1630 1016 1638 1050 ;
1661 1013 1832 1043 tantum
1846 1005 1899 1044 de
1912 1004 2058 1045 fruc‘tu

413 1057 583 1095 arboris
614 1067 725 1106 quae
756 1055 799 1093 in
831 1055 978 1094 medio
1013 1053 1148 1107 [horti
1200 1057 1311 1095 dixit
1344 1057 1478 1104 Deus,
1516 1058 1616 1096 Non
1648 1060 1889 1098 comedetis
1920 1060 1974 1099 de
2006 1073 2059 1099 eo

415 1123 556 1161 neque
579 1110 769 1159 tangetis
791 1121 890 1148 eum
925 1122 979 1148 ne
1001 1111 1254 1148 moriamini
1273 1123 1281 1156 ;
1322 1111 1431 1150 dixit
1453 1125 1637 1162 serpens
1644 1144 1780 1158 .....
1805 1113 1903 1152 Non
1927 1115 2060 1153 mori-

413 1165 549 1204 emini
570 1177 579 1207 2
602 1161 745 1215 quiam
762 1164 886 1202 novit
903 1163 1024 1202 Deus
1040 1165 1155 1215 quod
1170 1177 1256 1215 quo
1270 1165 1341 1204 die
1356 1167 1636 1205 comederitis
1653 1168 1706 1206 de
1721 1181 1788 1214 eo,
1807 1169 2060 1217 aperientur

414 1220 529 1258 oculi
550 1219 698 1264 vestri,
724 1226 766 1257 et
787 1218 908 1257 eritis
930 1219 1043 1257 sicut
1075 1218 1209 1265 Deus,
1235 1219 1426 1259 scientes
1449 1222 1613 1259 bonurn
1633 1230 1675 1260 et
1698 1223 1875 1261 malum.
1938 1222 2059 1262 Vidit

413 1273 559 1324 itaque
580 1273 739 1311 mulier
759 1273 876 1323 quod
897 1273 1016 1311 bona
1036 1274 1169 1311 arbor
1189 1274 1234 1312 in
1257 1274 1416 1320 cibum,
1444 1283 1486 1313 et
1508 1276 1624 1325 quod
1646 1277 1897 1326 appetibilis
1919 1278 2058 1316 oculis

413 1340 462 1366 ac
478 1327 779 1367 desiderabilis
797 1327 853 1365 ad
869 1327 1063 1366 dandum
1082 1326 1355 1367 intellecffum
1374 1341 1382 1375 ;
1405 1329 1504 1367 ideo
1523 1331 1712 1379 sumpsit
1728 1331 1781 1369 de
1799 1329 1943 1370 fructu
1961 1332 2058 1382 ejus

412 1389 456 1421 et
476 1381 692 1421 comedit:
724 1381 930 1432 deditque
952 1381 1047 1420 viro
1069 1394 1150 1420 suo
1172 1395 1336 1429 secum,
1363 1384 1435 1434 qui
1458 1385 1649 1423 comedit
1664 1383 1686 1398 ”
1708 1385 1840 1434 (vers.
1865 1387 1971 1436 1-6).

196 1509 362 1577 Quod
395 1510 695 1561 declinatio
731 1528 763 1560 a
803 1510 924 1562 luce
956 1512 1007 1561 in
1042 1512 1295 1563 umbram
1328 1530 1612 1580 vesperae,
1647 1514 1752 1565 hoc
1787 1523 1890 1575 est,
1927 1533 2054 1582 pro-

195 1589 381 1656 lapsus
430 1607 462 1639 a
511 1590 785 1655 sapientia
841 1607 904 1640 ac
962 1590 1308 1656 integritate,
1362 1593 1440 1642 ita
1491 1601 1673 1643 status
1724 1596 2056 1645 vastationis

194 1667 352 1733 hujus
387 1667 691 1727 Ecclesiae,
728 1685 824 1734 per
862 1668 957 1718 illa
990 1669 1351 1731 describatur,
1382 1679 1468 1721 est
1509 1673 1636 1737 quia
1676 1689 1748 1722 ex
1791 1690 1874 1732 e0,
1905 1674 2055 1739 quod

195 1746 365 1797 homo
410 1744 585 1797 factus
630 1748 700 1797 sit
744 1746 1095 1798 “similitudo
1142 1748 1285 1810 Dei'’
1329 1748 1450 1815 (per
1496 1767 1663 1816 quam
1711 1750 2056 1816 significatur

194 1825 516 1875 omnimoda
564 1827 891 1891 apparentia
942 1827 1090 1892 quod
1142 1828 1359 1892 cogitet
1410 1827 1504 1877 illa
1554 1845 1695 1894 quae
1747 1831 2053 1895 sapientiae

194 1912 323 1954 sunt
374 1921 438 1954 ac
472 1903 607 1954 velit
639 1903 734 1953 illa
765 1921 907 1970 quae
939 1906 1141 1955 amoris
1175 1914 1302 1956 sunt
1336 1923 1368 1956 a
1400 1924 1477 1967 se,
1513 1907 1654 1957 sicut
1691 1907 1859 1975 Deus,
1895 1909 2051 1959 vide-

193 1990 318 2032 atur
361 1999 540 2048 supra,
583 1999 633 2031 n.
676 1981 786 2048 26),
829 1983 1063 2034 credidit
1110 1985 1356 2049 serpenti
1402 1985 1550 2051 quod
1600 1983 1690 2051 [si]
1741 1986 1933 2037 ederet
1979 2005 2051 2037 ex

194 2059 290 2110 illa
327 2060 524 2110 arbore
564 2059 719 2110 fieret
760 2062 900 2111 sicut
943 2061 1111 2121 Deus,
1147 2071 1203 2112 et
1244 2063 1319 2113 sic
1361 2080 1580 2130 quoque
1622 2064 1789 2123 Deus,
1825 2066 2054 2117 sciendo

194 2138 402 2188 bonum
424 2146 481 2189 et
510 2138 733 2189 malum.
811 2139 912 2189 Per
937 2144 967 2164 “
984 2140 1279 2190 arborem”
1301 2141 1443 2191 hanc
1467 2141 1811 2207 significatur
1834 2151 2056 2194 natura-

148 2266 150 2269 .
195 2216 261 2267 lis
293 2217 463 2267 homo
494 2225 783 2283 separatus
814 2234 846 2267 a
885 2218 1185 2284 spirituali;
1236 2220 1344 2285 qui,
1380 2219 1510 2269 dum
1545 2220 1644 2269 sibi
1685 2218 1908 2271 relictus
1942 2230 2046 2282 est,

194 2312 306 2346 non
338 2295 500 2346 aliter
531 2295 723 2346 credit.

300 2372 486 2424 Cuivis
527 2373 739 2423 homini
784 2382 870 2424 est
917 2391 1075 2425 mens
1122 2375 1388 2425 naturalis
1434 2385 1490 2426 et
1538 2393 1696 2426 mens
1736 2378 2051 2442 spiritualiS‚

194 2450 491 2503 distinctae
530 2452 675 2502 inter
719 2469 777 2502 se
817 2453 959 2503 sicut
1000 2454 1142 2503 duae
1182 2454 1500 2504 mansiones
1540 2457 1696 2504 unius
1737 2456 1951 2516 domuS,
1994 2466 2051 2507 et

195 2528 523 2596 conjunctae
546 2547 643 2596 per
664 2530 843 2581 scalas
869 2549 879 2594 ;
922 2533 975 2581 in
1005 2531 1156 2597 cujus
1178 2533 1458 2598 superiore
1481 2534 1769 2583 mansione
1793 2533 2052 2586 habitant

194 2608 360 2659 herus
398 2617 455 2659 et
494 2608 629 2659 hera
668 2626 793 2659 cum
833 2611 943 2659 suis
984 2610 1188 2669 liberis,
1221 2611 1274 2659 in
1315 2611 1568 2661 inferiore
1602 2620 1790 2661 autem
1831 2611 2050 2663 illorum

194 2688 338 2738 servi
382 2695 439 2738 et
484 2687 719 2738 ancillae
764 2704 889 2738 cum
937 2689 1282 2738 mediastinis
1328 2688 1463 2738 aliis
1542 2689 1705 2739 Mens
1753 2691 2051 2756 spiritualis

192 2765 340 2831 apud
385 2765 689 2826 hominem,
731 2783 764 2816 a
809 2768 1108 2817 nativitate
1149 2784 1320 2833 usque
1366 2768 1420 2817 in
1467 2768 1699 2833 primam
1742 2769 2050 2833 pueritiam,

193 2842 418 2894 occlusa
461 2852 580 2906 est;
640 2861 799 2895 mens
843 2854 1031 2895 autem
1079 2845 1378 2910 spiritualis
1424 2863 1456 2895 a
1498 2847 1675 2911 ‘prima
1721 2845 1815 2895 illa
1860 2853 2050 2896 aetate

192 2921 541 2988 pedetentim
570 2923 842 2988 aperitur;
883 2923 1018 2973 data
1044 2925 1191 2973 enim
1220 2932 1306 2973 est
1341 2924 1510 2973 cuivis
1539 2923 1748 2973 homini
1782 2941 1813 2974 a
1845 2924 2048 2974 nativi-

193 3007 313 3051 tate
351 2999 603 3060 facultaS,
645 3017 707 3051 ac
748 3010 947 3068 postea
987 3003 1260 3068 potentia,
1303 3003 1534 3067 parandi
1581 3003 1682 3052 sibi
1728 3001 1907 3052 scalas
1953 3019 2051 3068 per

193 3095 327 3144 quas
365 3079 634 3129 ascendat
681 3088 738 3130 et
785 3079 1044 3146 loquatur
1090 3096 1213 3130 cum
1261 3079 1414 3130 heroa
1444 3089 1500 3130 et
1549 3079 1700 3140 hera,
1742 3097 1804 3130 ac
1852 3088 2052 3145 postea

193 3157 500 3207 descendat
540 3166 596 3207 et
636 3157 855 3208 illorum
896 3158 1162 3208 mandata
1193 3166 1565 3224 exsequatur3
1617 3158 1755 3207 haec
1796 3158 2051 3223 potentia

192 3234 270 3285 illi
302 3235 436 3286 data
467 3245 552 3286 est
593 3253 690 3302 per
721 3237 913 3287 dotem
947 3236 1103 3286 liberi
1135 3236 1343 3286 arbitrii
1377 3237 1431 3286 in
1464 3236 1854 3302 spiritualibus.
1931 3235 2048 3286 Ve-

192 3329 311 3363 rum
368 3315 515 3364 enim
571 3332 721 3374 ver0‚
776 3331 942 3365 nemo
999 3322 1189 3380 potest
1242 3315 1543 3364 ascendere
1600 3315 1653 3363 in
1710 3315 2048 3379 superiorem

193 3392 555 3452 mansionem,
586 3410 682 3458 per
709 3410 875 3459 quam
903 3392 1233 3458 intelligitur
1261 3409 1418 3442 mens
1446 3392 1759 3458 spiritualis,
1786 3393 1887 3441 nisi
1916 3393 2049 3443 edat

191 3485 266 3519 ex
304 3469 588 3519 arboribus
626 3471 774 3521 vitae
814 3471 867 3520 in
906 3471 1071 3520 horto
1111 3471 1231 3520 Dei.
1309 3471 1410 3520 Per
1449 3487 1602 3520 esum
1642 3471 1787 3519 enim
1829 3487 1902 3519 ex
1944 3469 2047 3531 his,

191 3545 364 3596 homo
402 3546 742 3598 illuminatur
782 3555 839 3598 et
878 3549 1208 3613 integratur,
1250 3555 1307 3598 et
1348 3549 1591 3613 concipit
1631 3547 1814 3607 fidem,
1855 3556 1911 3598 et
1952 3565 2049 3614 per

194 3625 554 3674 nutritionem
607 3643 679 3675 ex
731 3624 993 3677 fructibus
1045 3626 1262 3676 illarum
1314 3627 1518 3692 accipit
1569 3625 1843 3686 fiduciam,
1898 3627 2047 3693 quod

191 3719 358 3753 omne
404 3703 611 3754 bonum
657 3705 728 3755 sit
774 3721 806 3754 a
851 3705 1096 3755 Domino
1141 3705 1231 3770 qui
1277 3711 1363 3755 est
1409 3704 1599 3755 Arbor
1644 3704 1830 3765 Vitae,
1876 3713 1932 3755 et
1979 3722 2048 3755 ne
