2430 4256
351 391 420 444 42
1139 388 1427 431 CORONIS.

352 529 734 582 intellectuale
773 549 870 598 per
912 533 1132 583 “virum
1157 533 1197 595 ;‘’
1247 533 1386 584 haec
1427 534 1550 595 tria,
1593 535 1719 602 quia
1758 554 1925 588 unum
1966 540 2214 607 sequitur

351 608 605 667 alterum,
637 608 936 661 maledicta
964 620 1109 661 sunt.
1163 608 1252 674 (In
1283 611 1529 663 Arcanis
1567 612 1922 677 Caelestz'bus,
1953 618 2044 668 ubi
2076 634 2212 668 una-

350 688 578 752 quaevis
611 706 744 748 νοΧ,
774 696 831 739 et
866 689 1239 755 unusquisque
1266 707 1467 741 vocum
1495 690 1833 754 intellectu&
1864 711 1961 760 per
1988 711 2214 747 sensum

351 766 693 830 spiritualem
740 767 831 832 qui
882 783 914 816 a
966 766 1211 817 Domino
1257 768 1390 818 mihi
1436 769 1716 821 revelatus
1762 782 1867 832 est,
1915 773 2214 825 enucleata

350 852 510 905 sunt;
553 861 693 910 quae
726 845 852 910 quia
884 853 1136 905 exstant,
1171 847 1383 897 consuli
1417 846 1696 913 possunt.)

452 934 563 986 32.
616 923 748 973 Post
777 922 920 974 hanc
945 922 1397 975 malediffionem
1422 927 1753 978 describitur
1774 937 2002 995 quartus
2030 938 2212 981 status

349 999 506 1064 hujus
539 999 847 1062 Ecclesiae,
877 1003 969 1069 qui
1001 1002 1100 1053 fuit
1138 1011 1318 1054 status
1359 1004 1472 1070 ejus
1513 1004 1692 1058 noctis
1738 1007 1791 1056 in
1838 1007 2213 1074 spiritualibus

348 1087 404 1127 et
439 1086 671 1128 vocatur
704 1078 1146 1142 Consummatio‚
1182 1099 1279 1148 per
1311 1083 1460 1149 quod

430 1194 650 1252 Expulsus
672 1203 802 1242 fuerit
824 1216 878 1243 ex
898 1205 1040 1251 horto,
1069 1205 1169 1244 “ad
1190 1206 1425 1245 colendum
1449 1215 1625 1254 terram,
1651 1220 1674 1246 e
1705 1221 1791 1259 qua
1811 1217 2015 1260 sumptus
2037 1218 2131 1250 erat
2146 1209 2184 1259 ;''

347 1337 444 1386 per
471 1321 620 1387 quod
653 1321 986 1387 intelligitur
1013 1323 1163 1389 quod
1191 1323 1513 1390 deprivatus
1547 1327 1618 1376 sit
1652 1327 1993 1388 innocentia,
2022 1328 2210 1394 integ-

346 1401 531 1460 ritate,
580 1408 637 1451 et
689 1401 980 1467 sapientia,
1028 1403 1082 1451 in
1129 1403 1326 1468 quibus
1378 1411 1498 1455 erat
1551 1405 1680 1455 dum
1728 1406 2026 1472 spiritualis
2076 1406 2208 1470 fuit;

347 1486 757 1546 consequenter
789 1480 936 1546 quod
976 1497 1005 1530 e
1046 1481 1204 1531 caelo
1244 1480 1490 1547 dejectus
1531 1484 1619 1544 sit,
1655 1484 1762 1534 hoc
1803 1493 1907 1545 est,
1943 1483 2209 1536 dissocia-

347 1565 436 1607 tus
468 1558 539 1607 ab
570 1557 820 1624 angelis3
862 1559 1226 1610 consimiliter
1257 1568 1317 1611 ut
1351 1560 1556 1627 legitur
1588 1562 1656 1613 de
1688 1567 1717 1587 “
1739 1563 2045 1627 Dracone,”

433 1682 460 1699 ‘⁴
476 1678 718 1731 Conjed'tus
741 1689 808 1720 est
840 1681 985 1720 Draco
1006 1695 1210 1732 magnus,
1236 1682 1427 1733 Serpens
1449 1685 1670 1735 antiquus,
1697 1686 1769 1736 qui
1791 1694 1974 1726 vocatur
1996 1686 2210 1726 Diabolus

562 1743 606 1774 et
623 1735 809 1774 Satanas
815 1767 951 1782 .....
974 1735 1204 1786 conjectus
1221 1746 1290 1776 est
1303 1737 1326 1752 ''
1341 1751 1364 1776 e
1383 1737 1532 1786 Caelo,
1550 1740 1624 1778 ubi
1642 1741 1856 1790 pugnavit
1872 1753 1971 1780 cum
1991 1741 2209 1780 Michaele

562 1797 606 1828 et
635 1789 732 1839 ejus
762 1790 947 1840 angelis,
977 1791 1063 1829 “in
1094 1799 1270 1839 terram,
1296 1800 1340 1832 et
1369 1793 1515 1843 angeli
1537 1793 1634 1844 ejus
1655 1806 1755 1833 cum
1786 1795 1862 1834 illo
1883 1793 2046 1846 dejetsti
2068 1803 2173 1835 sunt
2186 1795 2209 1810 ''

563 1843 704 1896 (Apoc.
726 1845 799 1884 xii.
821 1845 876 1895 9).
923 1880 944 1901 ‚

448 1976 564 2031 33.
617 1963 783 2029 Quod
829 1982 925 2031 per
969 1964 1065 2016 illa
1109 1983 1250 2032 quae
1296 1966 1365 2017 de
1406 1966 1634 2018 Adamo
1674 1976 2056 2020 memorantur
2094 1986 2207 2021 non

345 2043 734 2108 intelligantur
772 2043 939 2110 aliqui
979 2052 1161 2094 status
1202 2044 1446 2095 hominis
1486 2046 1840 2112 protoplasti,
1882 2047 1980 2098 sed
2026 2055 2209 2100 status

346 2120 653 2180 Ecclesiae,
698 2122 817 2188 quis
863 2123 954 2188 qui
1001 2139 1113 2172 non
1159 2130 1306 2174 errat
1349 2124 1542 2190 spiritu
1590 2141 1702 2175 non
1747 2133 1938 2191 potest
1984 2126 2208 2178 videre?

346 2200 426 2252 Ut
450 2200 598 2267 quod
631 2199 832 2267 [Deus]
864 2201 918 2250 in
945 2199 1112 2252 horto
1135 2202 1319 2252 medio
1344 2204 1590 2268 posuerit
1617 2203 1752 2270 duas
1774 2203 2016 2264 arboreS,
2041 2221 2207 2255 unam

344 2296 416 2329 ex
457 2278 608 2344 cujus
641 2296 736 2329 esu
776 2278 988 2329 homini
1022 2288 1171 2331 esset
1204 2281 1320 2331 vita
1351 2290 1598 2341 aeterna,
1635 2273 1875 2332 alteram*
1912 2299 1985 2333 ex
2018 2299 2126 2349 qua
2158 2283 2208 2334 ei

344 2374 493 2407 mors
535 2365 797 2420 aeterna;
850 2366 906 2408 et
953 2358 1102 2425 quod
1148 2358 1293 2409 hanc
1339 2359 1531 2410 fecerit
1577 2361 1831 2410 “bonam
1883 2360 1952 2411 ad
1999 2361 2201 2421 cibum,

343 2436 703 2502 appetibilem
745 2436 934 2496 oculiS‚
977 2453 1040 2487 ac
1082 2437 1508 2488 desiderabilem
1549 2439 1619 2488 ad
1660 2439 1907 2489 dandum
1946 2438 2204 2490 intellec-

343 2513 502 2564 tum'’
533 2512 676 2580 (cap.
705 2515 773 2564 iii.
801 2515 878 2581 6),
909 2516 988 2565 ita
1019 2516 1162 2566 sicut
1194 2516 1264 2566 ad
1298 2516 1682 2567 fascinandum
1710 2519 1922 2567 animas
1953 2517 2204 2580 illorum;

342 2600 462 2643 tum
490 2594 639 2659 quod
667 2594 952 2644 admiserit
981 2602 1318 2660 serpentem,
1349 2611 1412 2644 ac
1442 2597 1753 2661 permiserit
1781 2597 1829 2646 ei
1858 2595 2006 2662 loqui
2033 2596 2205 2647 verba

342 2670 456 2721 doli
477 2671 548 2720 ad
572 2671 857 2722 mulierem
886 2673 939 2722 in
963 2673 1279 2738 praesentia
1300 2674 1483 2724 mariti
1511 2674 1602 2740 qui
1629 2674 1726 2724 fuit
1755 2675 1941 2739 imago
1969 2682 2025 2724 et
2053 2675 2203 2724 simi-

343 2749 520 2799 litudo
554 2750 675 2810 Dei,
709 2767 772 2801 ac
814 2768 1008 2817 passus
1041 2753 1112 2803 sit
1151 2751 1277 2802 illos
1310 2769 1406 2818 per
1445 2751 1653 2803 blanda
1691 2761 1748 2804 et
1788 2753 1939 2803 vafra
1971 2752 2203 2820 illaque-

342 2829 453 2892 ari,
495 2836 554 2879 ut
583 2838 639 2879 et
668 2846 762 2880 cur
791 2846 903 2880 non
932 2831 1191 2896 providit,
1216 2831 1343 2897 quia
1370 2831 1662 2897 praevidit,
1691 2849 1761 2882 ne
1788 2831 1882 2891 illi,
1912 2839 1968 2882 et
1997 2849 2069 2882 ex
2098 2831 2204 2882 illis

344 2916 529 2959 totum
574 2925 751 2973 genus
804 2909 1125 2970 humanum,
1172 2907 1638 2975 prolaberentur[¹1
1681 2910 1734 2960 in
1781 2909 2201 2960 damnationem

346 2985 752 3037 maledicffionis
810 2987 958 3052 ejus;
1013 3004 1143 3038 nam
1200 2987 1405 3054 legitur
1459 2988 1514 3038 in
1571 2987 1752 3038 Libris
1809 2986 2202 3039 Orthodoxiae

343 3064 803 3126 Christianorum,

431 3174 578 3232 Quod
617 3189 676 3218 ex
717 3175 929 3220 Peccato
967 3176 1063 3220 hoc
1095 3176 1335 3234 originali,
1371 3177 1522 3220 “loco
1561 3176 1787 3233 imaginis
1826 3176 1957 3232 [Dei]
1995 3176 2202 3220 amissae

343 3234 388 3276 in
426 3233 627 3277 homine
660 3234 724 3277 sit
758 3235 944 3283 intima,
971 3235 1195 3291 pessima,
1221 3234 1620 3292 profundissima,
1656 3234 2104 3291 imperscrutabilis,
2130 3234 2203 3277 in-

341 3292 548 3336 effabilis
571 3293 824 3349 corruptio
847 3294 1003 3337 totius
1027 3302 1243 3344 naturae,
1268 3303 1317 3338 et
1349 3295 1572 3337 omnium
1592 3293 1770 3337 virium
1787 3294 1826 3342 ;”
1871 3294 2105 3350 quodque
2138 3293 2202 3336 sit

342 3351 479 3394 radix
501 3351 723 3394 omnium
749 3350 1014 3395 aetuanum
1040 3353 1280 3396 malorum
1307 3353 1561 3408 (Formula
1588 3353 1887 3402 Concordiae,
1912 3366 2020 3409 pag.
2045 3350 2200 3408 [640,⁶]

339 3409 475 3464 640);

341 3516 399 3560 et
451 3510 600 3576 quod
652 3510 805 3561 Deus
855 3511 1020 3562 Pater
1071 3512 1439 3562 universalem
1493 3512 1645 3562 illam
1698 3512 2118 3563 damnationem
2168 3527 2201 3562 a

340 3588 477 3639 facie
523 3606 620 3639 sua
659 3591 943 3650 averterit,
987 3589 1188 3640 Filium
1229 3607 1385 3640 suum
1432 3591 1485 3641 in
1533 3591 1797 3640 mundum
1840 3590 2067 3650 miserit,
2109 3589 2199 3656 qui

338 3666 491 3717 illam
526 3668 579 3717 in
614 3666 684 3718 Se
718 3669 1040 3734 susciperet,
1076 3677 1131 3719 et
1166 3670 1240 3719 sic
1276 3669 1556 3735 placaret:
1601 3677 1821 3735 praeter
1854 3668 2025 3734 plura,
2056 3684 2197 3735 quae
