2496 4250
326 424 330 427 ·
347 407 413 460 1'4
1021 401 1105 441 DE
1142 399 1526 440 CHARITATE.

341 551 430 596 est
457 544 684 604 bonum,
715 542 857 594 sicut
885 541 934 592 ei
961 540 1171 592 malum
1198 548 1287 591 est
1315 539 1555 594 malum:
1598 555 1711 590 non
1739 544 1930 604 potest
1958 536 2203 604 separari

341 639 510 673 unum
538 622 608 673 ab
635 620 830 672 altero.
1576 667 1585 676 „

447 699 736 765 Quantum
763 699 883 765 quis
922 705 1174 748 veterem
1201 697 1486 751 hominem
1525 696 1701 757 exuit,
1731 702 1954 746 tantum
1993 709 2200 745 novum

339 779 532 830 induit.

446 855 735 922 Quantum
763 855 883 921 quis
913 852 1186 920 crucifigit
1214 869 1456 913 carnem,
1486 860 1709 904 tantum
1738 851 1933 917 spiritu
1959 849 2114 902 vivit.

366 971 368 973 ·
442 934 627 984 Nemo
656 941 848 999 potest
877 932 1093 983 duobus
1121 932 1360 982 dominis
1389 930 1551 990 simul
1580 931 1799 981 servire.

445 1011 710 1077 Cognitio
737 1010 972 1062 involvit
1001 1010 1149 1077 quod
1185 1009 1471 1060 sciendum
1500 1010 1571 1059 sit
1599 1009 1729 1075 quid
1756 1014 2034 1060 verumet
2071 1006 2204 1075 quid

338 1089 536 1141 falsum
558 1107 570 1154 ;
610 1090 850 1140 remotio
877 1096 965 1140 est
991 1087 1301 1140 voluntatis
1322 1105 1335 1152 ;
1375 1095 1668 1154 utrumque
1696 1087 1863 1140 vitae.
2149 1109 2156 1114 ·

341 1239 379 1280 7.
423 1238 541 1285 Quod
565 1239 662 1281 inde
690 1242 907 1294 sequatur,
930 1238 1044 1294 quod
1065 1238 1247 1293 primum
1278 1237 1500 1283 charitatis
1529 1236 1590 1282 sit
1615 1239 1814 1290 spectare
1833 1235 1892 1277 ad
1915 1234 2133 1277 Dominum
2161 1237 2207 1278 ei

504 1297 653 1349 fugere
682 1295 794 1336 mala
823 1294 920 1349 quia
949 1297 1054 1336 sunt
1074 1297 1285 1348 peccata:
1326 1296 1372 1335 et
1397 1292 1511 1348 quod
1535 1292 1767 1334 secundum
1798 1290 2020 1333 charitatis
2047 1290 2109 1333 sit
2134 1292 2202 1333 fa-

502 1363 600 1392 cere
629 1349 748 1391 bona.

444 1445 626 1497 Malus
669 1454 860 1512 potest
895 1463 1070 1512 aeque
1108 1445 1317 1496 bonum
1357 1444 1537 1496 facere
1577 1444 1719 1495 sicut
1757 1443 1969 1507 bonus3
2009 1450 2202 1510 potest

338 1525 387 1575 ei
414 1526 698 1591 suppetias
725 1524 879 1585 ferre,
904 1531 1095 1590 potest
1123 1524 1172 1574 ei
1193 1523 1350 1589 plura
1369 1523 1517 1574 bona
1537 1522 1733 1583 facere,
1757 1539 1831 1572 ex
1858 1521 2201 1573 benevolen-

339 1604 434 1663 tia,
464 1621 538 1653 ex
565 1603 935 1669 benignitate,
966 1620 1039 1653 ex
1067 1602 1328 1663 amicitia,
1358 1601 1431 1652 ei<
1471 1601 1862 1663 miseratione3
1902 1600 2002 1650 sed
2028 1617 2201 1666 usque

340 1698 454 1732 non
482 1689 613 1732 sunt
641 1681 930 1732 charitatis
957 1680 1104 1746 apud
1132 1679 1287 1730 illum
1327 1680 1418 1746 qui
1443 1679 1593 1740 facit,
1622 1679 1721 1730 sed
1748 1678 1895 1746 apud
1921 1677 2077 1730 illum
2116 1678 2203 1729 cui

339 1759 400 1811 fit
423 1777 435 1823 ;
476 1767 562 1810 est
590 1759 645 1809 in
673 1766 913 1809 externa
940 1758 1125 1824 specie
1154 1757 1412 1808 charitas,

446 1837 689 1904 Quando
717 1837 836 1903 quis
863 1836 1003 1902 fugit
1040 1835 1248 1886 malum
1288 1844 1348 1886 ut
1389 1843 1685 1902 peccatum
1724 1834 2036 1902 aliquotieS,
2065 1841 2199 1886 tunc

340 1923 571 1982 apparet
595 1915 763 1965 modo
785 1915 834 1965 ei
855 1914 1064 1965 bonum
1086 1914 1235 1980 quod
1256 1913 1386 1965 facit
1409 1931 1420 1977 ;
1457 1922 1515 1965 et
1537 1921 1666 1965 sunt
1688 1912 1849 1964 simul
1871 1912 2018 1979 apud
2038 1927 2164 1963 eum
2187 1928 2199 1974 ;

340 1995 438 2044 sed
474 2011 645 2060 usque
684 2009 853 2043 unum
892 1993 996 2043 erit
1034 1993 1215 2059 prius3
1255 1999 1314 2044 et
1353 2009 1523 2043 unum
1561 2000 1649 2044 est
1686 1990 1911 2043 realiter
1948 1990 2113 2057 priuS,
2141 1997 2200 2041 et

338 2073 583 2123 interius,

1220 2353 1323 2404 ΙΙΙ.

339 2503 524 2571 QUOD
563 2516 880 2558 PROXIMUS
920 2517 1026 2567 QUI
1064 2515 1371 2556 AMANDUS
1416 2515 1484 2555 IN
1523 2514 1876 2556 SPIRITUALI
1912 2513 2199 2556 'IDE‘A'SIT

547 2600 766 2641 BONUM
804 2601 883 2640 ET
920 2599 1154 2640 VERUM.

443 2739 660 2790 Dicitur
698 2739 752 2790 in
793 2738 1062 2805 spirituali
1100 2739 1243 2799 idea,
1284 2738 1410 2804 quia
1459 2737 1554 2788 illa
1591 2738 1716 2788 idea
1753 2744 1841 2788 est
1882 2737 1936 2788 in
1964 2753 2073 2804 qua
2109 2742 2198 2788 est

338 2817 635 2882 spiritualis
656 2818 826 2869 homo
854 2818 1100 2879 interius,
1124 2818 1289 2883 inque
1316 2816 1515 2867 eadem
1543 2823 1671 2866 sunt
1699 2814 1918 2881 angeli3
1958 2822 2045 2866 est
2071 2814 2199 2866 idea

327 2895 431 2946 villa
457 2894 740 2947 abstrae'ta
767 2913 799 2947 a
826 2896 1076 2957 materia,
1105 2913 1138 2946 a
1176 2895 1359 2961 spatio
1397 2901 1456 2945 et
1494 2901 1767 2960 tempore,
1796 2893 2063 2959 imprimis
2101 2893 2198 2944 ab·

337 2971 547 3024 straeta
573 2991 606 3024 a
632 2991 886 3040 persona.

442 3051 751 3118 Dispositio
778 3052 833 3102 in
862 3051 1114 3102 ordinem
1135 3068 1222 3102 :—

724 3184 756 3226 1.
800 3183 918 3230 Quod
939 3184 1060 3225 homo
1091 3196 1171 3226 non
1202 3183 1262 3225 sit
1287 3183 1409 3224 homo
1438 3195 1489 3224 ex
1519 3184 1669 3230 forma,
1691 3182 1774 3224 sed
1798 3195 1851 3224 ex
1879 3182 1984 3224 bono
2013 3185 2060 3225 et
2098 3195 2196 3225 vero

884 3239 1000 3293 apud
1015 3239 1146 3286 illum,
1168 3251 1247 3281 seu
1266 3238 1380 3293 quod
1403 3237 1527 3285 idem,
1550 3250 1602 3279 ex
1626 3239 1839 3280 voluntate
1859 3241 1905 3279 et
1919 3238 2150 3280 intellectu.

718 3318 763 3361 2.
807 3319 926 3364 Quod
941 3318 1041 3414 ide}
1048 3318 1203 3360 *bonum
1221 3321 1267 3360 et
1286 3328 1429 3360 verum
1445 3317 1562 3372 apud
1576 3317 1784 3359 hominem
1799 3317 1861 3360 sit
1872 3317 2105 3373 proximus,
2122 3317 2199 3373 qui

884 3386 1009 3416 aman
1041 3386 1105 3415 us.

718 3445 763 3488 3.
807 3445 925 3491 Quod
949 3446 1072 3499 quale
1095 3443 1279 3499 proximi
1294 3443 1356 3486 sit
1371 3443 1603 3486 secundum
1624 3445 1750 3499 quale
1775 3443 1874 3486 boni
1899 3446 1947 3487 et
1964 3443 2056 3487 ret-i
2063 3443 2197 3499 -apud

883 3500 1102 3547 hominem,
1124 3512 1203 3541 seu
1223 3498 1362 3554 qualis
1381 3499 1503 3540 homo
1523 3499 1623 3541 talis
1639 3499 1873 3554 proximus.

715 3577 758 3621 4.
801 3578 920 3624 Quod
940 3579 1104 3632 gradus
1129 3577 1314 3641 proximi
1343 3577 1404 3640 sit
1438 3578 1670 3620 secundum
1696 3577 1861 3632 gradus
1898 3576 1998 3620 boni
2021 3580 2068 3620 et
2095 3575 2199 3620 ,νει-ι’

883 3633 999 3687 apud
1024 3634 1257 3679 hommem:
1283 3633 1460 3686 proinde
1490 3633 1603 3687 quod
1627 3645 1709 3675 non
1749 3645 1859 3675 unus
1894 3632 2017 3675 homo
2054 3631 2116 3675 sit
2147 3631 2193 3675 ln

882 3687 1014 3731 simili
1033 3688 1172 3743 gradu
1197 3687 1416 3743 proximus
1446 3691 1495 3729 ut
1519 3689 1641 3729 alter.
