2496 4250
677 909 1012 995 [¹²³INDEX
1067 909 1371 993 RERUM
1430 909 1745 996 PRIOR]

271 1318 578 1376 ᾸιΙυΙΐθνῘα.-(
592 1320 690 1360 Vide
707 1319 833 1360 etiam
854 1318 980 1362 Lusci
982 1318 1082 1375 νία.)

409 1381 477 1422 De
498 1383 624 1423 tribus
646 1383 839 1492 gradist
862 1383 1154 1423 adulteriorum
1180 1382 1292 1440 (vide
1317 1383 1504 1440 Gradus)
1533 1383 1592 1440 (n.
1611 1383 1802 1436 386-388
1827 1389 1900 1433 [De
1914 1393 2001 1425 Am.
2025 1392 2140 1433 comt,

489 1455 526 1479 n.
543 1456 617 1486 432,
634 1446 782 1488 485-499
819 1470 828 1479 ·

408 1545 474 1584 De
503 1544 697 1584 adulteris
725 1544 822 1584 visis
849 1544 952 1584 sicut
980 1543 1101 1597 satyri
1131 1557 1226 1584 curn
1254 1544 1395 1584 scortis
1424 1543 1468 1583 in
1490 1543 1607 1592 silva,
1638 1550 1677 1584 et
1705 1543 1761 1583 ibi
1792 1543 1834 1583 in
1864 1556 2060 1594 caverna3
2102 1552 2142 1585 et

484 1614 628 1662 postea
646 1608 690 1647 in
709 1609 848 1656 domo,
869 1609 939 1648 ubi
958 1608 1232 1661 loquebantur
1250 1608 1356 1648 inter
1374 1621 1418 1648 se
1439 1608 1492 1648 de
1513 1608 1725 1661 conjugiis,
1739 1608 1792 1647 de
1815 1614 1973 1658 natura,
1990 1614 2030 1649 et
2049 1609 2140 1649 reli-

487 1672 610 1724 gione
630 1672 890 1726 (Memorab.‚
911 1685 952 1712 n.
973 1681 1053 1723 407
1079 1677 1152 1721 [De
1170 1680 1256 1711 Am.
1284 1678 1401 1719 Conj„
1421 1689 1457 1711 n.
1476 1671 1586 1727 521]).

407 1775 532 1830 Quod
551 1775 646 1825 illis,
667 1776 814 1829 quibus
831 1775 947 1815 nulla
966 1780 1027 1815 est
1047 1775 1205 1828 religio,
1221 1789 1306 1815 non
1326 1776 1377 1816 sit
1396 1789 1511 1815 amor
1526 1776 1780 1829 conjugialis,
1797 1777 1869 1830 sed
1884 1776 2016 1816 libido
2035 1790 2140 1830 quae

486 1840 626 1893 pejora
645 1846 705 1880 est
723 1840 895 1880 libidine
914 1840 1044 1880 ferina
1066 1841 1124 1895 (n.
1140 1848 1330 1892 437-445
1354 1846 1427 1889 [De
1444 1848 1530 1879 Am.
1550 1846 1664 1887 conj„
1681 1857 1717 1880 n.
1740 1858 1792 1888 79,
1808 1858 1882 1888 239,
1899 1842 2010 1896 240]).

406 1946 473 1986 De
496 1945 728 1986 occlusione
751 1945 900 1986 mentis
923 1946 1034 1998 apud
1062 1945 1268 1986 adulteros
1298 1951 1337 1986 et
1364 1945 1507 1995 malos,
1528 1946 1642 1986 varia
1664 1945 1723 1999 (n.
1746 1945 1934 1999 562-565
1959 1951 2032 1995 [De
2050 1954 2135 1986 Am.

494 2016 611 2060 Cous„
625 2027 661 2049 n.
679 2009 790 2065 203]).

405 2113 530 2167 Quod
553 2113 776 2154 similitudo
801 2120 839 2153 et
862 2113 1151 2154 dissimilitudo
1172 2112 1414 2166 conjugialis
1442 2113 1546 2152 nihil
1570 2113 1721 2153 faciant
1744 2113 1855 2166 apud
1878 2111 1971 2153 illos
1995 2113 2064 2167 qui
2094 2113 2139 2154 in

487 2191 625 2217 amore
643 2178 878 2218 scortatorio
898 2183 991 2218 sunt
1013 2178 1074 2232 (n.
1088 2176 1308 2233 818-822).

405 2282 530 2335 Quod
550 2295 664 2322 amor
680 2282 920 2335 conjugialis
937 2289 976 2322 et
995 2295 1110 2322 amor
1127 2282 1386 2323 scortatorius
1405 2282 1486 2322 sint
1505 2295 1664 2322 amores
1683 2283 1760 2323 sibi
1779 2296 1941 2336 prorsus
1961 2282 2138 2336 oppositi

489 2345 548 2403 (n.
566 2347 750 2399 847—851
771 2353 843 2396 [De
861 2355 948 2386 Am.
971 2354 1086 2394 Conj.,
1103 2364 1138 2387 n.
1154 2346 1355 2400 423—429]).

404 2453 471 2492 De
486 2452 640 2505 juvene
662 2452 861 2505 gloria’nte
886 2466 938 2492 ex
957 2454 1213 2502 scortatione,
1234 2452 1304 2506 qui
1329 2452 1489 2493 delatus
1512 2451 1556 2491 in
1580 2452 1760 2501 caelu1n3
1792 2464 1902 2492 nunc
1924 2452 2138 2493 tenebatur

484 2515 528 2555 in
557 2516 748 2565 externis,
769 2528 878 2556 nunc
906 2516 950 2556 in
978 2516 1170 2566 internis;
1212 2523 1252 2556 et
1274 2516 1386 2569 quod
1405 2516 1463 2555 sic
1486 2515 1633 2556 viderit
1653 2517 1840 2570 opposita
1872 2517 2136 2572 (Montana,

484 2592 525 2621 n.
543 2579 624 2631 852
645 2585 717 2629 [De
731 2587 816 2619 Am.
841 2587 956 2627 Conj.‚
973 2597 1008 2620 n.
1026 2581 1132 2634 477]).

367 2706 369 2710 .
404 2676 528 2729 Quod
551 2689 674 2717 causa
693 2677 852 2730 frigoris
871 2677 1032 2717 interna
1050 2677 1155 2718 inter
1175 2677 1371 2731 conjuges
1390 2677 1441 2717 sit
1461 2677 1574 2730 quod
1592 2676 1748 2716 malum
1772 2676 2028 2717 scortationis
2052 2690 2136 2716 non

484 2740 673 2781 credatur
691 2755 777 2782 esse
797 2747 1011 2794 peccatum
1022 2756 1034 2791 ;
1067 2747 1107 2782 et
1125 2742 1218 2795 plus
1238 2741 1272 2781 si
1296 2741 1556 2782 confirmatur
1578 2741 1690 2795 quod
1713 2755 1796 2781 non
1816 2741 1867 2781 sit
1886 2742 1942 2796 (n.
1961 2749 2135 2793 913-917

484 2810 557 2853 [De
571 2812 657 2844 Am.
681 2811 796 2852 Conj„
812 2822 847 2845 n.
865 2805 976 2860 240]).

401 2869 511 2908 Tum
550 2880 672 2908 causa
705 2868 864 2921 frigoris
887 2875 948 2909 est
980 2874 1074 2909 ante
1112 2869 1350 2922 conjugium
1377 2869 1567 2910 scortatio
1602 2881 1695 2909 cum
1725 2869 1899 2908 aliorum
1925 2869 2135 2916 uxoribus,

399 2956 409 2960 ψ
484 2937 526 2972 et
551 2938 643 2985 post
666 2933 903 2985 conjugium
926 2946 1041 2972 amor
1067 2933 1318 2972 meretricius
1342 2939 1383 2972 et
1406 2933 1722 2982 concubinatus;
1762 2933 1804 2972 in
1832 2946 1982 2985 genere
2011 2945 2134 2972 omne

482 2995 749 3035 libidinosum
767 3010 839 3049 per
858 2997 968 3050 quod
988 2997 1091 3049 perit
1111 2996 1340 3049 conjugiale
1364 2996 1424 3053 (n.
1441 2996 1659 3051 918-928).

403 3059 527 3112 Quod
566 3071 688 3099 causa
724 3059 883 3112 frigoris
921 3059 1027 3099 inter
1068 3060 1262 3112 conjuges
1302 3059 1353 3099 sit
1387 3059 1499 3112 quod
1532 3073 1648 3099 amor
1682 3059 1923 3112 conjugialis
1947 3056 2135 3099 credatur

483 3135 588 3162 unus
608 3134 702 3162 cum
722 3136 859 3163 amore
879 3123 1114 3163 scortatorio
1137 3123 1196 3179 (n.
1214 3135 1239 3175 9
1244 3122 1398 3175 58-961
1419 3128 1491 3171 [De
1505 3130 1591 3162 Am.
1616 3129 1731 3169 conj„
1747 3140 1782 3162 n.
1802 3123 1911 3177 ²47])-

404 3218 528 3271 Quod
561 3219 748 3259 scortatio
781 3220 832 3260 sit
867 3220 1048 3272 genuina
1081 3232 1204 3259 causa
1242 3219 1405 3258 divortii
1443 3219 1501 3272 (n.
1527 3219 1717 3271 985-993
1754 3224 1826 3267 [De
1844 3226 1931 3258 Am.
1959 3226 2075 3266 Cous„
2096 3236 2131 3259 n.

486 3283 598 3336 255])·

403 3377 527 3430 Quod
556 3377 727 3417 adulteri
757 3390 841 3417 non
869 3384 1093 3430 agnoscant
1123 3378 1261 3417 Deum
1290 3377 1549 3430 (Memorab.‚
1574 3389 1614 3416 n.
1639 3387 1742 3427 1300
1765 3381 1839 3424 [De
1855 3383 1942 3414 Am.
1964 3381 2079 3422 conj„
2096 3393 2131 3415 n.

487 3440 580 3495 500)-

403 3536 528 3588 Quod
549 3536 810 3575 scortationes
829 3536 872 3575 in
892 3549 1042 3588 genere
1063 3536 1409 3588 correspondeant
1423 3535 1771 3575 falsificationibus
1786 3535 1872 3575 veri
1887 3541 1927 3575 et
1945 3535 2133 3589 profana-

481 3599 659 3638 tionibus
677 3599 775 3638 boni
794 3613 866 3652 per
879 3600 1063 3639 Verbum
1086 3600 1144 3654 (n.
1167 3611 1396 3651 1399-1403
1419 3605 1493 3647 [De
1503 3607 1588 3638 Am.
1611 3606 1727 3645 conj„
1744 3616 1779 3638 n.
1797 3617 1848 3646 77,
1866 3606 1918 3645 80,
1934 3615 2007 3645 517,
2021 3599 2130 3653 518]).

405 3663 528 3715 Quod
551 3662 730 3702 nefanda
753 3663 952 3702 adulteria
971 3663 1076 3704 inter
1095 3664 1245 3716 gradus
1267 3663 1492 3715 prohibitos
1516 3663 1858 3715 correspondeant
1887 3663 2129 3715 quibusdam

478 3726 713 3766 haeresibus
734 3739 808 3779 per
826 3727 1010 3767 Verbum
1034 3727 1279 3767 confirmatis
1301 3726 1361 3772 (n.
1380 3735 1607 3778 1405—1407
1633 3733 1706 3775 [De
1720 3734 1806 3766 Am.
1830 3733 1946 3773 conj„
1963 3743 1998 3766 n.
2017 3726 2128 3778 519]).
