2496 4250
541 445 620 487 ET
659 444 798 498 EJUS
837 443 1166 485 DOCTRINA
1205 443 1664 486 CAELEST1.-N.
1701 445 1781 501 53.
2026 448 2087 501 51

228 586 523 647 ¹¹¹Cogitant,

553 645 625 699 (2.)
666 646 791 698 Quod
806 645 956 686 anima
978 644 1039 685 sit
1059 645 1174 685 modo
1192 644 1371 698 aliquod
1390 646 1532 694 vitale,
1547 652 1658 698 pure
1675 646 1926 695 aethereum,
1946 647 1994 686 de
2011 659 2095 699 quo

771 714 856 740 non
875 700 1027 752 aliqua
1047 700 1139 739 idea
1165 700 1312 739 haberi
1321 706 1466 752 potest.

0 787 5 792 .
553 753 608 807 (3.
668 755 792 804 Quod
804 755 940 794 solum
956 759 1104 806 corpus
1122 754 1182 793 sit
1201 755 1317 807 quod
1330 754 1472 802 sentit,
1496 754 1610 794 videt
1626 759 1667 794 et
1683 755 1819 795 audit.

0 807 19 868 {j
553 811 607 860 (4.
667 809 790 860 Quod
807 809 926 848 homo
953 808 1015 848 sit
1038 809 1199 848 similis
1227 809 1388 857 bestiae,
1410 810 1526 849 modo
1549 810 1664 862 quod
1688 810 1805 849 lzomo
1823 809 1963 862 possit
1976 807 2098 862 loqui

12 883 15 886 >
771 877 825 903 ex
842 863 1103 915 cogitatione.
1377 892 1379 894 -

549 915 625 970 (5.)
670 918 794 967 Quod
806 919 984 956 Natura
1003 917 1067 958 sit
1078 931 1199 957 omne
1217 922 1258 957 et
1264 918 1478 970 primum,
1499 931 1551 957 ex
1569 931 1655 970 qua
1674 917 1831 958 omnia.

547 971 619 1024 (6.)
661 972 784 1023 Quod
801 972 921 1012 homo
940 972 1108 1011 imbuat
1123 977 1165 1011 et
1180 972 1317 1011 discat
1333 973 1510 1025 cogitare
1518 978 1602 1025 per
1619 972 1842 1025 influxum
1873 971 2096 1012 interioris

772 1028 976 1066 Naturae
996 1031 1038 1065 et
1052 1027 1146 1079 ejus
1164 1026 1343 1066 ordinis.

554 1080 627 1133 (7.)
667 1082 791 1131 Quod
802 1081 1028 1133 spirituale
1047 1094 1133 1120 non
1151 1081 1242 1128 sit,·
1269 1086 1310 1120 et
1325 1080 1367 1120 si
1388 1086 1458 1129 est,
1479 1081 1594 1133 quod
1606 1081 1666 1120 sit
1672 1081 1840 1133 purius
1861 1081 2071 1120 naturale.

553 1135 626 1189 (8.)
666 1136 790 1186 Quod
805 1136 922 1174 homo
945 1149 1030 1174 non
1039 1135 1179 1187 possit
1187 1135 1299 1188 frui
1313 1135 1462 1188 aliqua
1478 1135 1751 1183 beatitudine,
1767 1136 2097 1188 ablatisjucun-

771 1189 839 1230 dis
857 1190 1015 1229 amoris
1024 1190 1198 1242 gloriae,
1220 1190 1405 1237 lionoris,
1427 1189 1551 1230 lucri.

554 1243 627 1298 (9.)
670 1245 793 1296 Quod
820 1244 1073 1284 conscientia
1105 1244 1166 1284 sit
1197 1245 1312 1283 modo
1340 1245 1560 1296 aegritudo
1587 1244 1730 1285 animi
1756 1258 1809 1284 ex
1837 1244 2096 1297 infirmitate

771 1299 964 1351 emporis,
984 1303 1026 1337 et
1044 1311 1097 1337 ex
1117 1311 1201 1338 non
1219 1299 1486 1338 successibus.

528 1353 628 1404 (10.)
670 1354 796 1404 Quod
808 1355 947 1393 Amor
962 1353 1163 1392 Divinus
1181 1353 1367 1392 Domini
1384 1353 1445 1392 sit
1461 1367 1583 1393 amor
1591 1353 1767 1407 gloriae.

526 1409 628 1459 (11.)
669 1408 794 1459 Quod
815 1407 1096 1448 Providentia
1121 1421 1205 1448 non
1233 1408 1303 1455 sit,
1319 1408 1394 1447 sed
1416 1409 1531 1461 quod
1544 1422 1597 1447 ex
1614 1408 1792 1461 propria
1802 1409 2039 1461 prudentia
2055 1413 2099 1448 et

773 1462 1058 1515 intelligentia
1067 1461 1224 1514 fluant
1241 1462 1397 1502 omnia.

528 1516 628 1569 (12.)
670 1517 794 1568 Quod
807 1517 978 1556 honores
995 1521 1037 1556 et
1048 1515 1230 1556 divitiae
1243 1516 1336 1556 sint
1353 1517 1481 1556 reales
1496 1516 1798 1557 benedictiones
1812 1530 1920 1570 quae
1934 1518 2101 1557 dantur

772 1584 800 1611 a
820 1572 924 1612 Deo.

233 1690 436 1739 Praeter
456 1692 636 1738 similia
656 1692 810 1750 plura.
872 1691 1015 1736 Tales
1037 1700 1154 1736 sunt
1175 1691 1395 1736 fallaciae
1417 1706 1649 1736 sensuum
1675 1692 1723 1736 in
1746 1692 2094 1750 spiritualibus.

234 1761 358 1806 Inde
388 1768 616 1805 constare
648 1767 814 1817 potest
844 1759 979 1816 quod
1006 1759 1237 1803 caelestia
1271 1773 1371 1803 non
1405 1759 1513 1816 capi
1550 1760 1743 1816 possint
1784 1761 1845 1803 ab
1879 1760 1972 1804 illis
2009 1759 2095 1817 qui

233 1842 366 1873 mere
387 1828 634 1872 naturales
656 1835 707 1871 et
729 1827 978 1871 sensuales
1000 1835 1130 1871 sunt.
1195 1826 1330 1871 Mere
1358 1827 1603 1871 naturales
1628 1835 1679 1871 et
1704 1827 1954 1871 sensuales
1980 1835 2096 1871 sunt

232 1895 411 1953 quibus
453 1895 675 1939 internus
715 1894 983 1951 spiritualis
1026 1893 1179 1938 homo
1221 1894 1414 1938 clausus
1447 1901 1534 1944 est,
1568 1907 1624 1938 ac
1666 1894 1901 1938 naturalis
1944 1894 2096 1939 modo

232 1970 444 2021 apertus,
