2496 4250
454 423 550 472 xvi

793 431 1126 471 SAPIENTIA
1166 430 1487 471 ANGELICA
1527 432 1609 471 DE
1648 431 1971 484 CONJUGIO.

583 570 650 610 De
670 575 774 609 statu
795 570 1014 622 conjugum
1033 574 1124 622 post
1142 575 1314 609 mortem
1340 569 1399 624 (n.
1416 569 1637 621 1719—1736
1657 575 1729 618 [De
1743 576 1953 616 Am.Conj.‚
1969 586 2005 609 n.
2022 569 2182 627 45-54])·

582 674 706 726 Quod
729 687 842 713 amor
864 686 985 713 sexus
1006 679 1170 713 maneat
1189 673 1299 726 apud
1321 673 1532 713 hominem
1554 679 1645 726 post
1673 681 1846 714 mortem
1874 674 2005 727 qualis
2026 674 2098 714 ille
2120 675 2304 726 interius,
2358 689 2365 700 ·

662 738 741 777 hoc
763 744 834 785 est,
855 738 898 776 in
922 737 1110 777 interiore
1132 738 1219 790 ejus
1239 737 1447 777 voluntate
1469 744 1509 777 et
1532 737 1628 778 inde
1650 738 1909 791 cogitatione,
1931 738 2060 779 fuerat
2081 739 2126 779 in
2147 740 2304 780 mundo

665 803 725 856 (n.
742 810 962 852 1721-1723
983 807 1055 849 [De
1073 808 1159 840 Am.
1169 807 1284 847 Conj.·‚
1305 818 1340 840 n.
1359 808 1412 847 46,
1426 801 1510 855 47]).

580 897 704 949 Quod
725 897 909 936 similiter
928 910 1041 1006 amo)r
1057 896 1300 949 conjugialis
1320 897 1450 950 qualis
1466 897 1535 936 ille
1555 897 1721 937 interius
1742 897 1872 937 fuerat
1895 896 1954 952 (n.
1976 906 2089 949 1724,
2110 906 2208 951 1725
2230 903 2305 948 [De

662 959 747 991 Am.
769 959 884 998 Cous„
900 968 934 990 n.
953 957 1007 999 48]
1036 983 1044 991 .

580 1055 704 1108 Quod
734 1055 816 1093 duo
841 1055 1034 1107 conjuges
1057 1061 1101 1094 ut
1128 1054 1345 1107 plurimum
1371 1060 1461 1107 post
1487 1062 1658 1095 mortem
1683 1055 1942 1102 conveniant,
1966 1068 2009 1094 se
2039 1062 2303 1108 cognoscant,

662 1118 909 1166 consocient,
931 1124 970 1157 et
989 1131 1061 1170 per
1081 1118 1249 1170 aliquod
1270 1125 1430 1170 tempus
1448 1119 1588 1158 vivant
1608 1118 1749 1166 simu13
1781 1119 1891 1170 quod
1913 1119 1955 1158 fit
1974 1118 2018 1157 in
2036 1119 2167 1170 primo
2186 1125 2304 1167 statu,

658 1183 715 1221 ita
737 1181 836 1220 dum
856 1181 898 1291 i)n
919 1182 1095 1220 externis
1118 1188 1210 1221 sunt
1230 1181 1334 1221 sicut
1356 1181 1399 1220 in
1422 1182 1577 1221 mundo
1609 1181 1668 1238 (n.
1687 1182 1799 1233 1726,
1822 1191 1918 1233 1727
1937 1188 2010 1230 [De
2021 1189 2107 1222 Am.
2128 1189 2244 1230 Cous„
2264 1199 2300 1224 n.

662 1254 714 1283 37,
730 1243 783 1282 46,
799 1242 854 1284 47]
880 1266 891 1276 ·

582 1340 790 1380 Historica
809 1340 861 1379 de
881 1339 974 1388 illis,
995 1340 1108 1379 varia
1130 1339 1188 1395 (n.
1206 1348 1319 1391 1725,
1341 1339 1475 1394 1728).

581 1444 851 1496 Explicantur
866 1444 1037 1483 Domini
1056 1445 1193 1493 verba,
1210 1444 1320 1497 quod
1336 1457 1419 1483 non
1435 1444 1553 1484 detur
1567 1458 1671 1484 uxor
1684 1445 1771 1485 viro
1794 1444 1854 1502 (n.
1871 1454 1969 1496 1727
1991 1451 2065 1494 [De
2077 1453 2165 1486 Am.
2186 1452 2301 1494 conj„

663 1516 698 1538 n.
717 1498 806 1555 41]).

580 1602 703 1654 Quod
726 1602 962 1651 successive,
983 1603 1087 1642 sicut
1109 1609 1263 1642 exuunt
1285 1608 1452 1642 externa
1463 1575 1523 1642 ‘ac
1546 1603 1696 1642 intrant
1718 1602 1762 1642 in
1784 1603 1942 1642 interna
1965 1616 2052 1652 sua,
2074 1603 2301 1656 percipiant

659 1666 770 1717 quali
793 1665 1055 1705 inclinatione
1079 1665 1174 1704 [1Jad
1197 1678 1239 1704 se
1263 1672 1405 1705 mutuo
1429 1665 1600 1714 fuerant,
1621 1672 1661 1705 et
1683 1666 1742 1706 sic
1765 1679 1865 1705 num
1887 1666 2042 1719 possint
2064 1679 2148 1706 una
2165 1667 2303 1708 vivere

660 1728 727 1768 vel
747 1742 828 1767 non
853 1727 910 1784 (n.
928 1728 1042 1779 1728,
1062 1737 1161 1780 1729
1182 1733 1255 1776 [De
1268 1736 1354 1768 Am.
1365 1735 1479 1775 conj„
1495 1746 1530 1768 n.
1549 1730 1632 1781 48])·

581 1838 706 1890 Quod
725 1837 758 1876 si
783 1850 866 1876 non
885 1843 1056 1890 possunt
1075 1850 1158 1876 una
1176 1837 1327 1886 vivere,
1347 1850 1390 1876 se
1410 1844 1611 1890 separent,
1631 1838 1717 1878 sive
1736 1838 1798 1878 vir
1817 1839 1870 1878 ab
1891 1852 2033 1888 uxore,
2051 1839 2138 1880 sive
2157 1853 2261 1879 uxor
2278 1853 2303 1880 a

662 1902 762 1949 viro,
783 1901 868 1940 sive
889 1907 1056 1953 uterque
1077 1900 1130 1940 ab
1148 1900 1328 1940 invicem
1351 1899 1410 1956 (n.
1429 1901 1542 1952 1728,
1559 1911 1658 1952 1729
1679 1907 1751 1950 [De
1770 1909 1854 1941 Am.
1879 1909 1994 1950 conj„
2013 1920 2049 1943 n.
2071 1903 2146 1959 49).

576 2006 703 2058 Quod
723 2012 819 2045 tunc
836 2005 922 2044 viro
942 2005 1060 2044 detur
1078 2019 1181 2044 uxor
1195 2005 1455 2054 conveniens,
1473 2011 1512 2045 et
1533 2005 1709 2046 feminae
1727 2006 1894 2046 maritus
1907 2006 2093 2046 similiter
2113 2007 2172 2060 (n.
2189 2007 2302 2058 1728,
2350 2051 2355 2056 ,
2383 2019 2390 2026 “

658 2078 759 2120 1729
783 2074 855 2117 [De
874 2076 959 2107 Am.
979 2075 1095 2115 Conj.,
1111 2084 1146 2107 n.
1165 2084 1218 2114 50,
1237 2069 1327 2121 54J).

580 2172 704 2226 Quod
733 2172 928 2225 conjuges
961 2172 1068 2211 inter
1095 2184 1137 2210 se
1172 2170 1355 2211 fruantur
1383 2171 1541 2210 deliciis
1569 2170 1880 2223 conjugialibus,
1909 2171 2106 2212 similibus
2143 2172 2227 2212 suis
2250 2171 2304 2212 rin

660 2236 831 2284 mundo,
854 2236 927 2275 sed
949 2235 1208 2283 beatioribus,
1228 2247 1369 2274 verum
1388 2235 1542 2287 absque
1561 2235 1877 2287 prolificatione3
1906 2247 1981 2287 pro
2000 2248 2095 2287 qua,
2116 2247 2188 2275 seu
2210 2235 2303 2275 loco

662 2299 763 2352 ejus,
788 2306 848 2339 est
876 2298 1118 2408 prolificat)io
1142 2298 1371 2351 spiritualis,
1395 2311 1500 2351 quae
1524 2306 1584 2338 est
1606 2298 1704 2337 boni
1729 2305 1768 2338 et
1790 2298 1875 2338 veri
1901 2298 1962 2354 (n.
1982 2307 2212 2351 1730-1732
2232 2305 2305 2348 [De

660 2361 871 2400 Amans„
887 2371 923 2393 n.
942 2371 993 2400 51,
1011 2359 1066 2401 52]
1093 2384 1101 2393 .

581 2459 706 2511 Quod
733 2458 791 2498 ita
819 2458 888 2498 fiat
915 2458 995 2497 illis
1026 2458 1095 2511 qui
1119 2457 1161 2496 in
1187 2459 1346 2497 caelum
1376 2459 1565 2506 veniunt;
1606 2458 1721 2498 aliter
1749 2458 1829 2497 illis
1851 2457 1923 2511 qui
1943 2458 1987 2498 in
2008 2458 2213 2498 infernum
2243 2458 2302 2512 (n.

661 2522 891 2574 1733-1736
911 2528 983 2570 [De
996 2529 1082 2561 Am.
1101 2529 1215 2570 Cous„
1231 2540 1267 2562 n.
1290 2539 1342 2569 53,
1359 2523 1447 2576 54])-

584 2628 649 2667 De
670 2626 870 2679 conjugiis
888 2626 1168 2676 infernalibus,
1188 2628 1301 2667 varia
1323 2627 1383 2682 (n.
1399 2626 1500 2678 1736
1522 2631 1593 2675 [De
1606 2633 1818 2673 Amans„
1833 2643 1867 2665 n.
1887 2625 1975 2681 54]).

581 2723 738 2762 Causae
763 2735 834 2762 cur
857 2723 1047 2774 conjugia
1069 2736 1154 2762 non
1182 2729 1350 2775 possunt
1373 2722 1557 2762 contrahi
1580 2721 1659 2761 nisi
1686 2722 1729 2761 in
1751 2719 1945 2774 provecta
1967 2726 2100 2760 aetate
2126 2721 2186 2775 (n.
2203 2726 2301 2772 1795

665 2791 737 2834 [De
755 2792 966 2832 Am.Conj.,
986 2802 1021 2824 n.
1040 2786 1143 2839 450]).

585 2890 890 3000 Praelimin3ria
910 2890 962 2930 de
981 2891 1143 2943 gaudiis
1164 2891 1281 2939 caeli,
1297 2891 1404 2931 etde
1424 2890 1575 2943 nuptiis
1593 2890 1650 2929 ibi
1673 2890 1731 2945 (n.
1749 2888 1977 2939 1826-1848
1994 2894 2065 2938 [De
2077 2895 2164 2927 Am.
2187 2894 2303 2935 Cogi„

664 2963 699 2985 n.
721 2962 805 2992 1—25
832 2976 841 2985 .

583 3053 650 3091 De
675 3051 874 3103 conjugiis
897 3050 939 3090 in
962 3051 1134 3090 saeculis
1157 3064 1291 3100 aureo,
1314 3057 1518 3103 argenteo,
1539 3062 1688 3103 cupreo
1714 3049 1977 3105 (Memorab.,
1997 3061 2038 3088 n.
2060 3046 2305 3100 2003—2006

665 3112 737 3155 [De
751 3114 835 3145 Am.
848 3113 963 3152 Cous„
983 3123 1018 3145 n.
1038 3105 1194 3161 74-77])·

585 3212 651 3251 De
667 3210 867 3263 conjugiis
882 3211 926 3249 in
945 3210 1107 3250 saeculo
1123 3210 1266 3259 ferreo,
1282 3182 1448 3263 guando
1469 3208 1659 3262 conjugia
1678 3208 1837 3248 suerunt
1852 3207 2110 3261 polygamica
2131 3206 2303 3262 (Memo-

663 3275 766 3324 rab.,
783 3287 821 3313 n.
845 3274 952 3313 2006
973 3279 1046 3322 [De
1063 3280 1275 3320 Am.Conj.,
1291 3290 1326 3312 n.
1346 3274 1434 3327 78]).

586 3380 651 3418 De
675 3378 980 3430 transcriptione
1003 3378 1152 3416 amoris
1175 3376 1326 3430 proprii
1348 3376 1457 3429 apud
1476 3375 1607 3415 virum
1630 3375 1673 3414 in
1697 3387 1875 3414 amorem
1900 3372 2172 3426 conjugialem
2194 3370 2304 3424 apud

665 3453 835 3480 uxorem
859 3441 1063 3495 (articuli,
1083 3453 1125 3480 n.
1147 3441 1271 3492 2036,
1287 3453 1363 3493 seq.
1381 3445 1453 3488 [De
1464 3446 1549 3477 Am.
1560 3445 1675 3484 conj„
1692 3454 1726 3476 n.
1745 3455 1798 3485 32,
1809 3445 1862 3483 88,
1878 3443 2000 3482 156[*],
2017 3452 2088 3483 193,
2104 3451 2178 3483 293,
2194 3432 2304 3488 3531).

586 3547 651 3585 De
672 3545 1017 3591 inclinationibus,
1037 3543 1336 3591 affectionibus,
1357 3549 1398 3582 et
1418 3542 1677 3595 qualitatibus
1697 3541 1875 3581 virorum
1896 3546 1936 3580 et
1958 3538 2214 3587 seminarum,
2233 3549 2306 3590 per

668 3621 768 3661 quas
788 3608 830 3648 fit
851 3607 1087 3660 conjunciio
1109 3607 1303 3663 (articuli
1309 3608 1468 3660 plures,
1488 3618 1529 3645 n.
1547 3613 1651 3655 2047
1670 3611 1742 3653 [De
1755 3610 1967 3650 Amans„
1981 3619 2017 3642 n.
2037 3599 2285 3655 156[*}-181]).

585 3713 650 3752 De
672 3711 975 3752 difficultatibus
995 3711 1251 3762 intelligendi
1271 3708 1583 3761 conjunctiones
1604 3709 1824 3760 conjugum
1847 3706 2051 3759 (articuli,
2067 3718 2107 3745 n.
2125 3702 2267 3758 2050).
