2496 4250
388 387 453 438 88
913 397 996 437 DE
1036 396 1210 436 NOVA
1250 397 1705 438 HIEROSOLYMA

475 537 622 597 Quod
656 538 908 595 perceptio
945 537 1100 581 solum
1139 537 1286 581 detur
1315 536 1447 594 apud
1484 537 1593 582 illos
1630 538 1713 594 qui
1750 536 1798 580 in
1836 538 1969 580 bono
2005 537 2187 581 amoris
2218 550 2247 581 a

389 597 605 642 Domino
629 597 676 640 in
703 596 973 639 Dominum
997 605 1111 639 sunt
1136 597 1201 650 (n.
1226 608 1324 646 202,
1349 607 1445 651 371,
1474 608 1596 650 1442,
1624 595 1780 651 5227[?
1807 596 1975 651 5228]).

475 655 622 714 Quod
647 655 897 711 perceptio
913 655 1057 698 detur
1070 654 1200 711 apud
1225 655 1334 698 illos
1358 655 1405 697 in
1428 656 1577 703 caelo,
1593 655 1690 711 qui,
1709 669 1822 698 cum
1837 654 2066 697 vixerunt
2087 653 2247 697 homi-

385 729 472 759 nes
497 715 545 757 in
570 714 770 763 mundo,
786 712 1077 756 doctrinalia
1093 713 1326 756 ecclesiae
1349 727 1473 769 quae
1496 727 1555 756 ex
1570 713 1733 756 Verbo
1749 713 1914 756 statim
1940 711 2249 755 immiserunt

387 775 436 816 in
468 773 636 822 vitam,
663 780 713 815 et
745 785 843 814 non
878 771 1010 828 prius
1039 771 1398 814 mandaverunt
1426 772 1713 821 memoriae:
1750 771 1879 828 quod
1914 770 1983 813 sic
2017 769 2249 814 interiora

386 845 511 889 quae
535 830 713 874 mentis
735 844 905 873 eorum
930 829 1141 872 formata
1169 829 1267 872 sint
1293 830 1353 873 ad
1379 830 1710 886 receptionem
1736 829 1947 872 influxus
1973 827 2166 878 Divini;
2198 836 2249 872 et

386 891 519 947 quod
544 890 656 933 ideo
680 887 956 932 intelleRus
979 901 1151 931 eorum
1176 888 1223 930 in
1247 889 1384 932 caelo
1406 889 1469 932 sit
1502 889 1550 931 in
1575 889 1900 932 illustratione
1923 886 2157 931 continue
2183 887 2247 941 (n.

391 961 485 1002 104,
507 958 607 1003 495,
635 958 729 1015 503.
758 958 852 1002 521,
881 946 1128 1014 536216162
1158 957 1280 1002 1791,
1308 948 1454 1002 5145)-

525 1007 621 1051 uod
648 1006 1022 1049 innumerablha
1044 1014 1213 1054 selant,
1229 1019 1286 1048 ac
1309 1006 1603 1049 immensum
1626 1005 1818 1062 sapiant
1842 1006 1908 1059 (n.
1933 1003 2059 1056 2718,
2082 1004 2233 1059 9543).

525 1066 624 1109 uod
650 1065 716 1108 illi
740 1065 823 1121 qui
848 1065 895 1106 in
921 1064 1237 1121 perceptione
1251 1073 1378 1114 sunt,
1396 1078 1493 1108 non
1510 1064 1865 1108 ratiocinentur
1887 1064 1948 1106 de
1965 1062 2092 1105 veris
2108 1062 2248 1111 fidei:

387 1133 443 1226 ἐξ
468 1125 520 1235 si)
537 1124 959 1173 ratiocinarentur,
983 1124 1119 1180 quod
1143 1123 1236 1166 illis
1260 1123 1440 1180 periret
1463 1123 1713 1179 perceptio
1738 1124 1803 1177 (n.
1830 1122 1881 1177 58
1889 1120 1955 1177 5[?
1981 1121 2095 1176 586],
2123 1121 2247 1176 1398,

476 1241 573 1300 Qui
597 1241 805 1285 credunt
831 1254 890 1284 ex
922 1248 1079 1284 semet
1100 1240 1224 1284 scire
1246 1248 1295 1284 et
1316 1253 1498 1297 sapere,
1522 1239 1655 1297 quod
1679 1238 2046 1296 perceptionem
2070 1237 2249 1282 habere

387 1314 487 1345 non
512 1301 702 1357 possint
728 1301 791 1355 (n.
822 1299 966 1355 1386).

447 1358 625 1461 8Quod
649 1358 829 1403 eruditi
857 1372 956 1402 non
980 1358 1177 1415 capiant
1198 1357 1318 1415 quid
1344 1357 1466 1401 haec
1488 1356 1738 1414 perceptio
1766 1356 1843 1410 (ab
1863 1357 2180 1413 experientia,
2203 1368 2250 1399 n.

391 1431 442 1475 13
477 1420 538 1474 7)·

477 1529 625 1588 Quod
642 1530 709 1573 illi
725 1529 807 1587 qui
825 1529 872 1572 in
889 1542 1040 1586 regno
1054 1527 1251 1572 caelesti
1269 1527 1471 1571 Domini
1486 1535 1614 1576 sunt,
1630 1523 1844 1570 hab'eant
1859 1525 2224 1583 perceptionem
2240 1539 2251 1575 ς

388 1590 456 1632 1111
480 1597 645 1633 autem
665 1589 750 1645 qui
774 1588 822 1631 in
842 1601 994 1645 regno
1011 1587 1251 1644 spirituali
1270 1595 1398 1636 sunt,
1416 1599 1515 1629 non
1535 1586 1748 1628 habeant
1767 1584 2147 1641 perceptionem,
2163 1584 2249 1628 sed

387 1650 499 1692 loco
521 1649 641 1705 ejus,
665 1647 1018 1691 conscientiam
1045 1647 1110 1701 (n.
1136 1645 1238 1700 805,
1263 1657 1389 1698 2144,
1415 1644 1572 1699 2155[?
1597 1654 1723 1700 2145,
1749 1645 1895 1698 2157]‚
1921 1643 2070 1698 8081).

477 1706 624 1764 Quod
650 1706 716 1749 illi
736 1706 818 1762 qui
841 1705 926 1761 [in]
947 1718 1100 1762 regno
1117 1703 1316 1747 caelesti
1337 1703 1539 1746 Domini
1558 1711 1686 1752 sunt,
1707 1716 1805 1746 non
1825 1702 2045 1759 cogitent
2062 1715 2122 1744 ex
2140 1700 2250 1750 fide,

388 1765 812 1822 quemadmodum
837 1764 903 1806 illi
928 1764 1011 1819 qui
1036 1763 1083 1806 in
1108 1776 1260 1819 regno
1282 1762 1523 1818 spirituali
1550 1761 1751 1804 Domini
1775 1770 1902 1810 sunt,
1927 1759 2158 1817 quoniam
2184 1759 2251 1802 illi

389 1824 471 1881 qui
506 1824 554 1866 in
583 1837 735 1880 regno
758 1823 958 1866 caelesti
981 1830 1110 1871 sunt,
1136 1822 1184 1863 in
1209 1821 1524 1877 perceptione
1547 1820 1769 1863 omniurn
1793 1833 1918 1876 quae
1942 1818 2055 1862 fidei
2078 1826 2193 1862 sunt
2224 1831 2254 1861 a

390 1883 609 1926 Domino
635 1885 700 1937 (n.
724 1894 821 1931 202,
848 1891 943 1937 597,
967 1881 1066 1934 607,
1091 1880 1188 1933 784,
1218 1892 1340 1930 1121,
1370 1880 1492 1935 1387,
1523 1879 1644 1933 1398,
1674 1890 1796 1932 1442,
1826 1891 1947 1933 1919,
1974 1877 2099 1929 7680,
2124 1876 2251 1930 7877,

390 1942 540 1996 8780).

478 1999 795 2058 Quapropter
821 1998 981 2056 angeli
1014 1998 1249 2041 caelestes
1281 1997 1342 2040 de
1368 1997 1496 2040 veris
1529 1996 1642 2039 fidei
1670 1995 1842 2038 dicunt
1874 1994 2038 2044 modo,
2065 1993 2139 2036 Ita
2171 1993 2252 2042 ita,
2277 1998 2279 2001 '

391 2058 503 2102 Non
532 2072 646 2107 non,
669 2058 785 2115 quia
811 2057 1088 2114 percipiunt
1116 2057 1197 2099 1113
1222 2070 1279 2099 ac
1300 2056 1473 2099 vident
1503 2055 1607 2105 illa;
1638 2062 1689 2097 at
1710 2054 1869 2111 angeli
1893 2052 2168 2109 spirituales
2191 2051 2252 2094 de

388 2118 516 2161 veris
543 2117 656 2161 fidei
688 2117 1045 2160 ratiocinantur
1066 2129 1183 2158 num
1219 2115 1287 2158 ita
1318 2115 1394 2163 sit,
1418 2114 1494 2158 vel
1522 2126 1622 2157 non
1646 2113 1715 2156 ita
1738 2114 1804 2168 (n.
1828 2122 1955 2167 2715,
1975 2110 2102 2167 3246,
2124 2109 2253 2164 4448,

390 2176 518 2232 9166,
543 2175 707 2230 10786;
740 2176 824 2218 ubi
848 2175 1155 2232 explicantur
1179 2173 1382 2217 Domini
1404 2173 1566 2222 verba,

474 2279 497 2295 ‘⁴
511 2277 826 2371 Estodhserzno
840 2283 1000 2380 νεεξῗτ,
1018 2275 1087 2315 Ita
1106 2275 1179 2322 ita,
1194 2274 1296 2314 Non
1314 2287 1404 2313 non
1424 2286 1432 2321 ;
1457 2257 1574 2324 quod
1595 2273 1711 2312 ultra
1725 2272 1834 2312 haec
1850 2278 1930 2320 est,
1945 2283 1999 2310 ex
2016 2270 2136 2311 malo
2152 2269 2252 2310 est”

681 2337 745 2370 att
777 2362 784 2371 .
806 2343 847 2371 v.
871 2341 920 2380 37
958 2362 967 2370 .

481 2427 628 2486 Quod
662 2427 822 2485 angeli
857 2427 1104 2474 caelestes,
1129 2425 1243 2482 quia
1275 2438 1335 2468 ex
1367 2423 1685 2480 perceptione
1711 2421 1874 2466 sciunt
1895 2433 2011 2464 vera
2041 2419 2171 2470 fidei,
2194 2432 2256 2462 ne

392 2488 594 2545 quidem
619 2486 875 2530 nominare
897 2485 1051 2528 velint
1074 2484 1222 2527 fidem
1250 2485 1313 2538 (n.
1339 2495 1435 2532 202,
1462 2482 1580 2536 337).

483 2546 759 2590 Discrimen
789 2545 916 2588 inter
937 2543 1138 2600 angelos
1165 2542 1400 2585 caelestes
1427 2550 1476 2584 et
1503 2539 1704 2597 angelos
1731 2537 2008 2595 spirituales
2039 2538 2103 2592 (n.
2129 2535 2255 2586 2088,

394 2606 520 2661 2669,
547 2605 673 2658 2708,
700 2614 825 2659 2715,
852 2614 977 2658 3235,
1004 2614 1129 2657 3240,
1153 2601 1281 2654 4788,
1306 2599 1434 2654 7068,
1459 2600 1586 2654 8521,
1610 2609 1738 2654 9277,
1769 2598 1942 2651 10295).

484 2664 558 2707 De
582 2663 898 2719 perceptione
916 2675 1085 2705 eorum
1105 2660 1188 2716 qui
1208 2659 1407 2702 fuerunt
1424 2659 1484 2701 ab
1507 2657 1723 2700 Ecclesia
1742 2654 2114 2711 Antiquissima,
2131 2665 2256 2711 quae

394 2723 488 2767 fuit
509 2722 714 2767 ecclesia
736 2721 961 2765 caelestis
988 2722 1052 2775 (n.
1081 2729 1175 2774 125,
1197 2729 1292 2774 597,
1315 2718 1414 2771 607,
1439 2717 1537 2770 784,
1561 2716 1658 2771 895,
1687 2727 1809 2764 1121,
1837 2714 1983 2769 5121).

483 2836 630 2894 Quod
647 2835 792 2879 detur
807 2833 1057 2890 perceptio
1077 2831 1281 2875 interior
1294 2839 1343 2874 et
1362 2829 1575 2873 exterior
1595 2830 1660 2883 (n.
1678 2837 1804 2882 2145,
1823 2837 1948 2879 2171,
1966 2825 2091 2880 2831,
2111 2824 2257 2880 5920).

485 2895 632 2954 Quod
652 2895 797 2937 detur
816 2894 863 2935 in
888 2893 1075 2935 mundo
1099 2890 1350 2948 perceptio
1372 2888 1490 2945 justi
1515 2896 1564 2930 et
1586 2886 1744 2943 aequi,
1762 2885 1847 2929 sed
1873 2898 1982 2927 raro
2006 2882 2258 2940 perceptio

395 2955 497 2998 veri
521 2963 571 2997 et
593 2953 709 2996 boni
734 2951 1002 3009 spiritualis
1030 2952 1095 3006 (n.
1119 2950 1246 3004 2831,
1269 2958 1393 3004 5937,
1418 2946 1567 3002 7977).

485 3012 633 3070 Quod
656 3013 739 3054 lux
763 3009 1094 3067 perceptionis
1121 3021 1320 3065 prorsus
1343 3006 1439 3049 alia
1461 3005 1525 3049 sit
1555 3017 1704 3061 quam
1738 3004 1822 3045 lux
1854 2999 2257 3050 confirmationis,

395 3080 446 3115 et
477 3072 610 3128 quod
645 3085 743 3114 non
782 3069 957 3113 similis
999 3068 1077 3119 sit,
1110 3066 1308 3111 tametsi
1345 3063 1639 3123 quibusdam
1673 3073 1907 3120 apparere
1943 3059 2100 3118 possit.
2132 3058 2259 3103 sicut

395 3131 568 3175 similis
593 3132 659 3184 (n.
683 3129 812 3186 8521,
834 3128 985 3182 8780).
