2430 4256
242 452 527 503 ANTIQUA
548 452 716 490 ERAT
738 451 1036 490 ECCLESIA
1055 449 1819 490 REPRAESENTATIVA.—N.
1837 451 1922 501 42.
1984 449 2044 502 53

184 590 462 660 Quodque
496 591 749 642 similiter
782 590 964 656 Tyrus
996 609 1069 642 ex
1102 591 1218 642 his:

262 708 332 748 Tu
367 708 571 759 princeps
603 707 724 758 Tyri,
763 705 964 756 “plenus
1002 703 1234 755 sapientia,
1269 710 1313 742 et
1348 700 1570 753 perfectus
1607 701 1960 752 pulchritudine;
2006 700 2049 739 in

401 767 612 823 [Edene]
635 769 781 808 Horto
801 768 883 807 Dei
900 767 1035 814 fuisti,
1055 767 1201 806 omnis
1218 766 1330 816 lapis
1348 766 1567 816 pretiosus
1585 773 1889 815 tegumentum
1908 772 2047 803 tuum.

433 856 442 866 .
501 856 510 866 .
575 822 803 864 Perfetftus
833 830 880 862 tu
910 823 954 861 in
986 822 1070 861 viis
1101 822 1202 868 tuis,
1228 834 1254 859 a
1283 821 1354 860 die
1385 833 1470 871 quo
1496 828 1681 867 creatus,
1707 820 1848 858 donec
1870 819 2053 857 inventa

399 887 466 919 est
489 880 753 930 perversitas
775 878 819 916 in
837 885 879 917 te
893 876 916 892 ”
938 876 1104 927 (Ezech.
1126 876 1274 915 xxviii.
1299 875 1460 924 12-15).

185 999 351 1068 Quod
381 998 608 1051 Aschur
634 998 796 1050 fuerit
825 999 968 1049 sicut
1001 1001 1033 1022 “
1053 997 1255 1048 cedrus
1288 997 1342 1046 in
1371 995 1640 1056 Liban0‚”
1668 1012 1742 1045 ex
1774 994 1891 1045 his:

271 1123 427 1163 “Ecce
462 1123 637 1163 Aschur
674 1122 829 1162 cedrus
868 1122 914 1160 in
956 1121 1141 1167 Libano,
1175 1120 1359 1170 pulchra
1392 1132 1517 1158 ramo
1521 1150 1659 1166 .....
1679 1119 1771 1158 alta
1804 1117 2050 1157 altitudine.

406 1209 415 1218 .
438 1209 447 1218 .
502 1209 511 1218 .
576 1177 627 1216 In
658 1177 791 1216 ramis
813 1175 909 1226 ejus
931 1175 1212 1214 nidificarunt
1234 1186 1391 1213 omnes
1413 1186 1518 1212 aves
1540 1174 1777 1219 caelorum,
1803 1180 1847 1212 et
1877 1173 1959 1211 sub
1989 1184 2055 1210 ra-

403 1233 488 1272 mis
509 1231 606 1282 ejus
628 1237 893 1282 pepererunt
913 1230 1062 1269 omnis
1082 1229 1226 1268 bestia
1245 1228 1353 1278 agri,
1379 1236 1422 1267 et
1443 1229 1486 1266 in
1505 1229 1662 1266 umbra
1683 1227 1779 1277 ejus
1800 1227 2055 1265 habitarunt

405 1299 561 1326 omnes
591 1294 749 1336 gentes
779 1297 984 1335 magnae.
1047 1315 1057 1325 .
1080 1314 1090 1324 .
1112 1315 1122 1324 .
1144 1314 1154 1324 .
1216 1283 1377 1322 Omnis
1412 1284 1544 1321 arbor
1579 1283 1623 1320 in
1663 1282 1809 1321 Horto
1847 1281 1928 1320 Dei
1964 1293 2055 1319 non

405 1353 485 1392 par
508 1341 589 1380 fuit
619 1340 679 1379 illi
709 1339 1032 1390 pulchritudine
1038 1369 1207 1386 ......
1233 1346 1276 1377 et
1305 1338 1552 1376 aemulatae
1583 1345 1687 1375 sunt
1717 1337 1780 1375 illi
1803 1348 1960 1375 omnes
1990 1347 2057 1374 ar-

404 1397 535 1435 bores
560 1395 724 1434 Edenis
745 1406 856 1445 quae
878 1393 923 1432 in
949 1393 1094 1432 Horto
1119 1393 1200 1432 Dei
1215 1391 1237 1407 '⁹
1254 1391 1422 1442 (Ezech.
1443 1392 1562 1431 xxxi.
1585 1391 1693 1442 3-9).

189 1512 357 1581 Quod
389 1514 666 1581 sapientia
699 1513 944 1564 floruerit
977 1513 1031 1563 in
1066 1511 1298 1573 Arabia,
1333 1518 1564 1562 constat

300 1637 367 1677 Ex
388 1635 665 1688 profectione
689 1637 888 1688 Reginae
911 1636 1108 1676 Schebae
1129 1635 1185 1675 ad
1207 1635 1492 1675 Salomonem
1514 1634 1552 1686 (1
1571 1635 1673 1687 Reg.
1693 1647 1734 1674 x.
1759 1630 1949 1685 1-13[¹]);

190 1742 327 1786 tunc

272 1845 339 1886 Ex
369 1846 508 1886 tribus
531 1846 812 1897 Sapientibus
834 1846 906 1897 qui
926 1852 1145 1886 venerunt
1173 1845 1230 1886 ad
1258 1845 1412 1898 Jesum
1440 1858 1595 1885 recens
1626 1853 1793 1892 natum,
1819 1852 2059 1896 praeeunte

407 1901 539 1941 stella
558 1901 736 1952 (fllattlz.
762 1901 805 1941 ii.
830 1900 963 1951 1—12).

299 2021 498 2072 Tot-tius
522 2027 578 2072 et
599 2026 815 2088 quat-ius
839 2025 1010 2071 status
1030 2020 1175 2071 illius
1203 2019 1516 2081 Ecclesiae,
1542 2021 1631 2087 qui
1659 2020 1758 2071 fuit
1787 2019 1901 2086 ejus
1929 2037 2058 2070 vas·

192 2102 424 2154 tationis
457 2108 514 2152 et
543 2101 1063 2160 consummationis,
1095 2100 1427 2150 describitur
1453 2101 1507 2150 in
1535 2098 1730 2150 Verbo
1764 2099 1971 2166 passim
2005 2100 2058 2149 in

193 2181 472 2232 historicis
496 2187 553 2231 et
581 2180 788 2246 passim
811 2179 866 2229 in
889 2179 1232 2245 propheticis
1256 2178 1387 2244 ejus,
1464 2177 1894 2230 Consummatio
1917 2195 2058 2244 gen-

194 2260 332 2311 tium
361 2259 568 2310 circum
594 2258 898 2325 Jordanem
928 2276 1024 2308 seu
1054 2257 1287 2308 Terram
1317 2256 1661 2318 Canaanem‚
1693 2257 2026 2307 describitur

276 2381 361 2421 Per
381 2379 728 2486 destrudrtziffnem
761 2381 996 2428 Sodomae,
1023 2380 1316 2428 Gomorrhae,
1341 2380 1515 2420 Admae
1546 2387 1590 2419 et
1619 2379 1802 2419 Zeboim
1824 2379 1944 2429 (Gen.
1968 2380 2056 2419 xiv.

411 2443 455 2475 et
474 2449 562 2476 xlx.
617 2467 625 2476 .

195 2539 623 2592 Consummatio
663 2538 957 2590 Ecclesiae
997 2539 1253 2605 gentium
1293 2539 1442 2589 intra
1490 2537 1814 2604 Jordanem,
1858 2554 1955 2588 seu
2005 2537 2059 2587 in

197 2619 374 2672 Terra
407 2618 690 2680 Canaane,

278 2738 364 2779 Per
383 2738 688 2846 essubsionzm
707 2746 750 2778 et
771 2738 1045 2790 quarundam
1064 2737 1413 2777 internecionem
1431 2735 1564 2788 (apud
1590 2737 1787 2789 Josuam,
1808 2743 1850 2775 et
1866 2735 1911 2775 in
1937 2735 2063 2774 Libro

458 2807 486 2832 u
517 2806 630 2832 tcum
653 2824 661 2833 .

201 2899 630 2952 Consummatio
664 2900 958 2952 Ecclesiae
990 2901 1149 2951 istius
1181 2901 1236 2950 in
1270 2899 1565 2966 Aegypt0‚

281 3023 366 3063 Per
399 3025 751 3127 subn3ersionem
790 3024 1038 3063 Pharaonis
1073 3031 1118 3063 et
1152 3023 1476 3074 Aegyptiorum
1515 3023 1560 3062 in
1597 3022 1712 3062 Mari
1749 3022 1869 3073 Suph
1903 3021 2055 3072 (Exod.

414 3090 501 3126 xw,
528 3109 536 3118 .

201 3174 278 3225 Et
310 3175 387 3226 sic
421 3192 603 3242 porr0.

301 3264 415 3321 42·
466 3252 698 3304 Certum
726 3261 812 3304 est
841 3253 990 3320 quod
1023 3252 1282 3303 Ecclesia
1308 3252 1447 3302 haec
1479 3251 1732 3318 Antiqua
1758 3251 1918 3300 fuerit
1947 3249 2059 3300 Ec-

200 3329 371 3382 clesia
402 3333 899 3398 repraesentativa,
935 3349 1076 3398 quae
1109 3333 1162 3381 in
1193 3331 1342 3397 typis
1375 3339 1431 3381 et
1466 3330 1638 3395 signis
1666 3328 1970 3379 visibilibus
2003 3336 2060 3378 et

201 3408 547 3460 naturalibus
580 3410 856 3476 figurabat
889 3409 1183 3460 invisibilia
1211 3418 1267 3459 et
1302 3407 1608 3475 spiritualia
1637 3406 1929 3457 Ecclesiae
1962 3406 2059 3456 de-

202 3502 352 3537 mum
397 3496 684 3548 venturae,
727 3489 952 3554 quando
998 3488 1126 3554 Ipse
1163 3486 1418 3553 Jehovah
1459 3485 1529 3536 Se
1576 3485 1961 3535 manifestaret
2006 3485 2060 3534 in

201 3564 457 3615 Naturali
487 3565 694 3616 Forma
724 3566 1005 3626 Humana,
1031 3574 1087 3616 et
1116 3583 1213 3631 per
1239 3565 1382 3615 hanc
1414 3564 1527 3614 Sibi
1561 3564 1720 3613 daret
1749 3563 2059 3628 ingressum

200 3642 271 3693 ad
302 3642 576 3703 homineS,
608 3652 665 3694 et
698 3645 1015 3695 hominibus
1043 3645 1255 3694 aditum
1289 3643 1359 3693 ad
1394 3641 1482 3702 Se,
1519 3650 1575 3692 et
1610 3642 1685 3691 sic
1721 3641 1955 3691 nudaret
1990 3639 2061 3691 Se

201 3738 233 3772 a
264 3722 431 3788 typiS,
462 3730 519 3772 et
548 3722 819 3773 conderet
848 3721 1166 3773 Ecclesiam
1196 3738 1322 3772 cum
1351 3721 1666 3787 praeceptis
1694 3737 1835 3786 quae
1863 3735 2060 3769 omnes
