<?xml version="1.0" encoding="UTF-8"?>
<!DOCTYPE html PUBLIC "-//W3C//DTD XHTML 1.0 Transitional//EN"
    "http://www.w3.org/TR/xhtml1/DTD/xhtml1-transitional.dtd">
<html xmlns="http://www.w3.org/1999/xhtml" xml:lang="en" lang="en">
 <head>
  <title>
</title>
<meta http-equiv="Content-Type" content="text/html;charset=utf-8" />
  <meta name='ocr-system' content='tesseract 3.04.00' />
  <meta name='ocr-capabilities' content='ocr_page ocr_carea ocr_par ocr_line ocrx_word'/>
</head>
<body>
  <div class='ocr_page' id='page_1' title='image "1885denovahieros00sweduoft_0205.png"; bbox 0 0 2496 4250; ppageno 0'>
   <div class='ocr_carea' id='block_1_1' title="bbox 985 400 2164 459">
    <p class='ocr_par' dir='ltr' id='par_1_1' title="bbox 985 400 2164 459">
     <span class='ocr_line' id='line_1_1' title="bbox 985 400 2164 459; baseline 0.002 -17"><span class='ocrx_word' id='word_1_1' title='bbox 985 402 1068 442; x_wconf 86' lang='lat' dir='ltr'>DE</span> <span class='ocrx_word' id='word_1_2' title='bbox 1106 400 1492 441; x_wconf 75' lang='lat' dir='ltr'>cHARITA&#39;rE.</span> <span class='ocrx_word' id='word_1_3' title='bbox 2072 444 2075 445; x_wconf 10' lang='grc' dir='ltr'><em>γ</em></span> <span class='ocrx_word' id='word_1_4' title='bbox 2103 400 2164 459; x_wconf 78' lang='lat'>15</span> 
     </span>
    </p>
   </div>
   <div class='ocr_carea' id='block_1_2' title="bbox 687 538 2173 692">
    <p class='ocr_par' dir='ltr' id='par_1_2' title="bbox 687 538 2173 692">
     <span class='ocr_line' id='line_1_2' title="bbox 687 538 2173 602; baseline 0 -20"><span class='ocrx_word' id='word_1_5' title='bbox 687 540 733 584; x_wconf 81' lang='lat'>5.</span> <span class='ocrx_word' id='word_1_6' title='bbox 777 539 896 586; x_wconf 76' lang='lat' dir='ltr'>Quod</span> <span class='ocrx_word' id='word_1_7' title='bbox 921 539 1071 581; x_wconf 82' lang='lat' dir='ltr'>bonum</span> <span class='ocrx_word' id='word_1_8' title='bbox 1100 538 1292 581; x_wconf 74' lang='lat' dir='ltr'>internae</span> <span class='ocrx_word' id='word_1_9' title='bbox 1327 538 1554 581; x_wconf 67' lang='grc' dir='ltr'><em>νοΙυηΐαίίε</em></span> <span class='ocrx_word' id='word_1_10' title='bbox 1581 538 1644 581; x_wconf 78' lang='lat' dir='ltr'>sit</span> <span class='ocrx_word' id='word_1_11' title='bbox 1674 538 1897 593; x_wconf 79' lang='lat' dir='ltr'>proximus</span> <span class='ocrx_word' id='word_1_12' title='bbox 1926 538 2000 602; x_wconf 80' lang='lat' dir='ltr'>qui</span> <span class='ocrx_word' id='word_1_13' title='bbox 2024 551 2173 582; x_wconf 82' lang='lat' dir='ltr'>aman-</span> 
     </span>
     <span class='ocr_line' id='line_1_3' title="bbox 853 593 2172 642; baseline 0 -7"><span class='ocrx_word' id='word_1_14' title='bbox 853 595 945 642; x_wconf 81' lang='lat' dir='ltr'>dus,</span> <span class='ocrx_word' id='word_1_15' title='bbox 977 598 1023 636; x_wconf 79' lang='lat' dir='ltr'>et</span> <span class='ocrx_word' id='word_1_16' title='bbox 1052 606 1134 636; x_wconf 82' lang='lat' dir='ltr'>non</span> <span class='ocrx_word' id='word_1_17' title='bbox 1169 594 1318 635; x_wconf 81' lang='lat' dir='ltr'>bonum</span> <span class='ocrx_word' id='word_1_18' title='bbox 1355 597 1557 636; x_wconf 74' lang='lat' dir='ltr'>externae</span> <span class='ocrx_word' id='word_1_19' title='bbox 1590 593 1828 642; x_wconf 70' lang='lat' dir='ltr'>voluntatis,</span> <span class='ocrx_word' id='word_1_20' title='bbox 1850 593 1935 636; x_wconf 75' lang='lat' dir='ltr'>nist</span> <span class='ocrx_word' id='word_1_21' title='bbox 1963 594 2043 636; x_wconf 82' lang='lat' dir='ltr'>hoc</span> <span class='ocrx_word' id='word_1_22' title='bbox 2078 607 2172 637; x_wconf 83' lang='lat' dir='ltr'>cum</span> 
     </span>
     <span class='ocr_line' id='line_1_4' title="bbox 850 649 1207 692; baseline -0.006 0"><span class='ocrx_word' id='word_1_23' title='bbox 850 649 923 692; x_wconf 83' lang='lat' dir='ltr'>illo</span> <span class='ocrx_word' id='word_1_24' title='bbox 944 662 1070 691; x_wconf 81' lang='lat' dir='ltr'>unum</span> <span class='ocrx_word' id='word_1_25' title='bbox 1092 649 1207 690; x_wconf 76' lang='lat' dir='ltr'>facit.</span> 
     </span>
    </p>
   </div>
   <div class='ocr_carea' id='block_1_3' title="bbox 687 719 2171 818">
    <p class='ocr_par' dir='ltr' id='par_1_3' title="bbox 687 719 2171 818">
     <span class='ocr_line' id='line_1_5' title="bbox 687 719 2171 775; baseline -0.001 -12"><span class='ocrx_word' id='word_1_26' title='bbox 687 721 731 764; x_wconf 78' lang='lat'>6.</span> <span class='ocrx_word' id='word_1_27' title='bbox 774 720 893 766; x_wconf 79' lang='lat' dir='ltr'>Quod</span> <span class='ocrx_word' id='word_1_28' title='bbox 923 732 1066 763; x_wconf 78' lang='lat' dir='ltr'>ret-um</span> <span class='ocrx_word' id='word_1_29' title='bbox 1096 720 1157 762; x_wconf 74' lang='lat' dir='ltr'>sit</span> <span class='ocrx_word' id='word_1_30' title='bbox 1180 720 1414 774; x_wconf 74' lang='lat' dir='ltr'>prom&#39;mus,</span> <span class='ocrx_word' id='word_1_31' title='bbox 1446 724 1647 775; x_wconf 75' lang='lat' dir='ltr'>quantum</span> <span class='ocrx_word' id='word_1_32' title='bbox 1675 720 1722 761; x_wconf 79' lang='lat' dir='ltr'>id</span> <span class='ocrx_word' id='word_1_33' title='bbox 1748 720 1946 774; x_wconf 76' lang='lat' dir='ltr'><em>procedit</em></span> <span class='ocrx_word' id='word_1_34' title='bbox 1971 733 2024 762; x_wconf 80' lang='lat' dir='ltr'>ex</span> <span class='ocrx_word' id='word_1_35' title='bbox 2055 719 2171 767; x_wconf 85' lang='lat' dir='ltr'>bono.</span> 
     </span>
     <span class='ocr_line' id='line_1_6' title="bbox 850 775 1802 818; baseline 0 -1"><span class='ocrx_word' id='word_1_36' title='bbox 850 787 902 817; x_wconf 84' lang='lat' dir='ltr'>ac</span> <span class='ocrx_word' id='word_1_37' title='bbox 931 788 1058 817; x_wconf 79' lang='lat' dir='ltr'>unum</span> <span class='ocrx_word' id='word_1_38' title='bbox 1090 775 1196 817; x_wconf 74' lang='lat' dir='ltr'>facit</span> <span class='ocrx_word' id='word_1_39' title='bbox 1220 775 1336 818; x_wconf 79' lang='lat' dir='ltr'>sicut</span> <span class='ocrx_word' id='word_1_40' title='bbox 1363 778 1499 818; x_wconf 75' lang='lat' dir='ltr'>forma</span> <span class='ocrx_word' id='word_1_41' title='bbox 1529 780 1575 818; x_wconf 75' lang='lat' dir='ltr'>et</span> <span class='ocrx_word' id='word_1_42' title='bbox 1601 776 1802 818; x_wconf 77' lang='lat' dir='ltr'><strong><em>essentia.</em></strong></span> 
     </span>
    </p>
   </div>
   <div class='ocr_carea' id='block_1_4' title="bbox 1131 877 1344 885">
    <p class='ocr_par' dir='ltr' id='par_1_4' title="bbox 1131 877 1344 885">
     <span class='ocr_line' id='line_1_7' title="bbox 1131 877 1344 885; baseline 0 3365"><span class='ocrx_word' id='word_1_43' title='bbox 1131 877 1344 885; x_wconf 95' lang='lat' dir='ltr'> </span> 
     </span>
    </p>
   </div>
   <div class='ocr_carea' id='block_1_5' title="bbox 302 932 2176 1046">
    <p class='ocr_par' dir='ltr' id='par_1_5' title="bbox 302 932 2176 1046">
     <span class='ocr_line' id='line_1_8' title="bbox 302 932 2176 989; baseline -0.002 -10"><span class='ocrx_word' id='word_1_44' title='bbox 302 936 337 979; x_wconf 87' lang='grc'>1.</span> <span class='ocrx_word' id='word_1_45' title='bbox 380 935 500 983; x_wconf 76' lang='lat' dir='ltr'>Quod</span> <span class='ocrx_word' id='word_1_46' title='bbox 523 935 646 977; x_wconf 80' lang='lat' dir='ltr'>homo</span> <span class='ocrx_word' id='word_1_47' title='bbox 673 946 755 976; x_wconf 85' lang='lat' dir='ltr'>non</span> <span class='ocrx_word' id='word_1_48' title='bbox 785 933 846 975; x_wconf 76' lang='lat' dir='ltr'>sit</span> <span class='ocrx_word' id='word_1_49' title='bbox 870 932 992 975; x_wconf 83' lang='lat' dir='ltr'>homo</span> <span class='ocrx_word' id='word_1_50' title='bbox 1022 946 1075 975; x_wconf 77' lang='lat' dir='ltr'>ex</span> <span class='ocrx_word' id='word_1_51' title='bbox 1097 935 1246 981; x_wconf 73' lang='lat' dir='ltr'>sot-ma,</span> <span class='ocrx_word' id='word_1_52' title='bbox 1275 933 1358 976; x_wconf 83' lang='lat' dir='ltr'>sed</span> <span class='ocrx_word' id='word_1_53' title='bbox 1384 946 1436 976; x_wconf 78' lang='lat' dir='ltr'>ex</span> <span class='ocrx_word' id='word_1_54' title='bbox 1464 933 1570 976; x_wconf 82' lang='lat' dir='ltr'>bono</span> <span class='ocrx_word' id='word_1_55' title='bbox 1600 937 1646 976; x_wconf 79' lang='lat' dir='ltr'>et</span> <span class='ocrx_word' id='word_1_56' title='bbox 1676 946 1775 977; x_wconf 74' lang='lat' dir='ltr'>vet-0</span> <span class='ocrx_word' id='word_1_57' title='bbox 1794 933 1912 989; x_wconf 80' lang='lat' dir='ltr'>apud</span> <span class='ocrx_word' id='word_1_58' title='bbox 1935 933 2072 981; x_wconf 82' lang='lat' dir='ltr'>illum,</span> <span class='ocrx_word' id='word_1_59' title='bbox 2094 944 2176 976; x_wconf 79' lang='lat' dir='ltr'>seu</span> 
     </span>
     <span class='ocr_line' id='line_1_9' title="bbox 464 988 1385 1046; baseline -0.002 -14"><span class='ocrx_word' id='word_1_60' title='bbox 464 990 579 1046; x_wconf 83' lang='lat' dir='ltr'>quod</span> <span class='ocrx_word' id='word_1_61' title='bbox 602 989 724 1037; x_wconf 81' lang='lat' dir='ltr'>idem,</span> <span class='ocrx_word' id='word_1_62' title='bbox 757 1001 809 1032; x_wconf 74' lang='lat' dir='ltr'>ex</span> <span class='ocrx_word' id='word_1_63' title='bbox 833 990 1047 1031; x_wconf 72' lang='lat' dir='ltr'>voluntate</span> <span class='ocrx_word' id='word_1_64' title='bbox 1077 992 1122 1031; x_wconf 78' lang='lat' dir='ltr'>et</span> <span class='ocrx_word' id='word_1_65' title='bbox 1147 988 1385 1031; x_wconf 74' lang='lat' dir='ltr'>intellectu.</span> 
     </span>
    </p>
   </div>
   <div class='ocr_carea' id='block_1_6' title="bbox 300 1083 2172 1545">
    <p class='ocr_par' dir='ltr' id='par_1_6' title="bbox 300 1083 2172 1545">
     <span class='ocr_line' id='line_1_10' title="bbox 409 1083 2171 1154; baseline -0.002 -15"><span class='ocrx_word' id='word_1_66' title='bbox 409 1086 576 1154; x_wconf 81' lang='lat' dir='ltr'>Quod</span> <span class='ocrx_word' id='word_1_67' title='bbox 614 1085 876 1138; x_wconf 87' lang='lat' dir='ltr'>voluntas</span> <span class='ocrx_word' id='word_1_68' title='bbox 915 1093 974 1137; x_wconf 93' lang='lat' dir='ltr'>et</span> <span class='ocrx_word' id='word_1_69' title='bbox 1026 1083 1347 1137; x_wconf 60' lang='lat' dir='ltr'>intellectus</span> <span class='ocrx_word' id='word_1_70' title='bbox 1387 1086 1498 1138; x_wconf 87' lang='lat' dir='ltr'>sint</span> <span class='ocrx_word' id='word_1_71' title='bbox 1549 1086 1667 1153; x_wconf 91' lang='lat' dir='ltr'>ipse</span> <span class='ocrx_word' id='word_1_72' title='bbox 1717 1086 1907 1148; x_wconf 91' lang='lat' dir='ltr'>h0m0‚</span> <span class='ocrx_word' id='word_1_73' title='bbox 1948 1094 2007 1137; x_wconf 90' lang='lat' dir='ltr'>et</span> <span class='ocrx_word' id='word_1_74' title='bbox 2059 1103 2171 1137; x_wconf 93' lang='lat' dir='ltr'>non</span> 
     </span>
     <span class='ocr_line' id='line_1_11' title="bbox 300 1163 2170 1232; baseline -0.001 -15"><span class='ocrx_word' id='word_1_75' title='bbox 300 1165 492 1227; x_wconf 90' lang='lat' dir='ltr'>forma,</span> <span class='ocrx_word' id='word_1_76' title='bbox 516 1181 655 1232; x_wconf 90' lang='lat' dir='ltr'>quae</span> <span class='ocrx_word' id='word_1_77' title='bbox 683 1172 916 1231; x_wconf 89' lang='lat' dir='ltr'>apparet</span> <span class='ocrx_word' id='word_1_78' title='bbox 944 1164 1088 1215; x_wconf 86' lang='lat' dir='ltr'>sicut</span> <span class='ocrx_word' id='word_1_79' title='bbox 1115 1163 1287 1215; x_wconf 93' lang='lat' dir='ltr'>homo</span> <span class='ocrx_word' id='word_1_80' title='bbox 1314 1164 1450 1215; x_wconf 85' lang='lat' dir='ltr'>facie</span> <span class='ocrx_word' id='word_1_81' title='bbox 1479 1172 1547 1217; x_wconf 13' lang='lat' dir='ltr'>et*</span> <span class='ocrx_word' id='word_1_82' title='bbox 1565 1181 1816 1231; x_wconf 87' lang='lat' dir='ltr'>corpore,</span> <span class='ocrx_word' id='word_1_83' title='bbox 1846 1173 2044 1216; x_wconf 92' lang='lat' dir='ltr'>notum</span> <span class='ocrx_word' id='word_1_84' title='bbox 2066 1173 2170 1216; x_wconf 87' lang='lat' dir='ltr'>est.</span> 
     </span>
     <span class='ocr_line' id='line_1_12' title="bbox 301 1241 2170 1310; baseline -0.001 -15"><span class='ocrx_word' id='word_1_85' title='bbox 301 1243 444 1296; x_wconf 86' lang='lat' dir='ltr'>Sunt</span> <span class='ocrx_word' id='word_1_86' title='bbox 471 1243 696 1310; x_wconf 91' lang='lat' dir='ltr'>quidam</span> <span class='ocrx_word' id='word_1_87' title='bbox 737 1241 896 1294; x_wconf 90' lang='lat' dir='ltr'>stulti</span> <span class='ocrx_word' id='word_1_88' title='bbox 935 1250 992 1294; x_wconf 91' lang='lat' dir='ltr'>et</span> <span class='ocrx_word' id='word_1_89' title='bbox 1032 1243 1226 1303; x_wconf 90' lang='lat' dir='ltr'>insani,</span> <span class='ocrx_word' id='word_1_90' title='bbox 1257 1251 1315 1294; x_wconf 91' lang='lat' dir='ltr'>et</span> <span class='ocrx_word' id='word_1_91' title='bbox 1354 1251 1629 1308; x_wconf 83' lang='lat' dir='ltr'>apparent</span> <span class='ocrx_word' id='word_1_92' title='bbox 1669 1260 1841 1310; x_wconf 89' lang='lat' dir='ltr'>usque</span> <span class='ocrx_word' id='word_1_93' title='bbox 1879 1243 2170 1306; x_wconf 90' lang='lat' dir='ltr'>homines;</span> 
     </span>
     <span class='ocr_line' id='line_1_13' title="bbox 301 1319 2171 1389; baseline -0.001 -16"><span class='ocrx_word' id='word_1_94' title='bbox 301 1330 430 1373; x_wconf 89' lang='lat' dir='ltr'>sunt</span> <span class='ocrx_word' id='word_1_95' title='bbox 458 1321 683 1389; x_wconf 87' lang='lat' dir='ltr'>quidam</span> <span class='ocrx_word' id='word_1_96' title='bbox 710 1321 789 1372; x_wconf 89' lang='lat' dir='ltr'>ita</span> <span class='ocrx_word' id='word_1_97' title='bbox 815 1319 1098 1372; x_wconf 83' lang='lat' dir='ltr'>naturales</span> <span class='ocrx_word' id='word_1_98' title='bbox 1126 1329 1187 1372; x_wconf 90' lang='lat' dir='ltr'>ut</span> <span class='ocrx_word' id='word_1_99' title='bbox 1215 1322 1326 1372; x_wconf 89' lang='lat' dir='ltr'>sint</span> <span class='ocrx_word' id='word_1_100' title='bbox 1354 1322 1496 1372; x_wconf 88' lang='lat' dir='ltr'>sicut</span> <span class='ocrx_word' id='word_1_101' title='bbox 1524 1321 1803 1382; x_wconf 87' lang='lat' dir='ltr'>animalia,</span> <span class='ocrx_word' id='word_1_102' title='bbox 1827 1322 1998 1372; x_wconf 92' lang='lat' dir='ltr'>modo</span> <span class='ocrx_word' id='word_1_103' title='bbox 2021 1322 2171 1388; x_wconf 88' lang='lat' dir='ltr'>quod</span> 
     </span>
     <span class='ocr_line' id='line_1_14' title="bbox 301 1398 2171 1467; baseline 0 -16"><span class='ocrx_word' id='word_1_104' title='bbox 301 1401 518 1467; x_wconf 87' lang='lat' dir='ltr'>possint</span> <span class='ocrx_word' id='word_1_105' title='bbox 558 1399 740 1466; x_wconf 89' lang='lat' dir='ltr'>loqui;</span> <span class='ocrx_word' id='word_1_106' title='bbox 780 1407 911 1450; x_wconf 90' lang='lat' dir='ltr'>sunt</span> <span class='ocrx_word' id='word_1_107' title='bbox 961 1398 1052 1450; x_wconf 93' lang='lat' dir='ltr'>alii</span> <span class='ocrx_word' id='word_1_108' title='bbox 1102 1398 1406 1450; x_wconf 81' lang='lat' dir='ltr'>rationales</span> <span class='ocrx_word' id='word_1_109' title='bbox 1456 1407 1516 1450; x_wconf 92' lang='lat' dir='ltr'>et</span> <span class='ocrx_word' id='word_1_110' title='bbox 1565 1399 1898 1466; x_wconf 59' lang='lat' dir='ltr'>spirituales</span> <span class='ocrx_word' id='word_1_111' title='bbox 1975 1400 2171 1451; x_wconf 89' lang='lat' dir='ltr'>Potest</span> 
     </span>
     <span class='ocr_line' id='line_1_15' title="bbox 300 1472 2172 1545; baseline 0 -15"><span class='ocrx_word' id='word_1_112' title='bbox 300 1478 477 1530; x_wconf 88' lang='lat' dir='ltr'>forma</span> <span class='ocrx_word' id='word_1_113' title='bbox 502 1477 699 1530; x_wconf 91' lang='lat' dir='ltr'>horum</span> <span class='ocrx_word' id='word_1_114' title='bbox 726 1472 971 1528; x_wconf 86' lang='lat' dir='ltr'>humana</span> <span class='ocrx_word' id='word_1_115' title='bbox 1008 1476 1369 1544; x_wconf 88' lang='lat' dir='ltr'>impulchrior</span> <span class='ocrx_word' id='word_1_116' title='bbox 1394 1495 1682 1544; x_wconf 90' lang='lat' dir='ltr'>apparere,</span> <span class='ocrx_word' id='word_1_117' title='bbox 1711 1479 1811 1529; x_wconf 92' lang='lat' dir='ltr'>sed</span> <span class='ocrx_word' id='word_1_118' title='bbox 1839 1496 2012 1545; x_wconf 90' lang='lat' dir='ltr'>usque</span> <span class='ocrx_word' id='word_1_119' title='bbox 2040 1486 2172 1530; x_wconf 86' lang='lat' dir='ltr'>sunt</span> 
     </span>
    </p>
   </div>
   <div class='ocr_carea' id='block_1_7' title="bbox 241 1554 2172 1623">
    <p class='ocr_par' dir='ltr' id='par_1_7' title="bbox 241 1554 2172 1623">
     <span class='ocr_line' id='line_1_16' title="bbox 241 1554 2172 1623; baseline 0 -15"><span class='ocrx_word' id='word_1_120' title='bbox 241 1556 247 1563; x_wconf 82' lang='grc'><strong>’</strong></span> <span class='ocrx_word' id='word_1_121' title='bbox 302 1556 425 1623; x_wconf 89' lang='lat' dir='ltr'>plus</span> <span class='ocrx_word' id='word_1_122' title='bbox 451 1556 708 1608; x_wconf 91' lang='lat' dir='ltr'>homines</span> <span class='ocrx_word' id='word_1_123' title='bbox 734 1572 901 1623; x_wconf 91' lang='lat' dir='ltr'>quam</span> <span class='ocrx_word' id='word_1_124' title='bbox 927 1554 1038 1620; x_wconf 89' lang='lat' dir='ltr'>illi;</span> <span class='ocrx_word' id='word_1_125' title='bbox 1078 1555 1228 1607; x_wconf 92' lang='lat' dir='ltr'>aufer</span> <span class='ocrx_word' id='word_1_126' title='bbox 1266 1556 1474 1607; x_wconf 90' lang='lat' dir='ltr'>bonum</span> <span class='ocrx_word' id='word_1_127' title='bbox 1503 1565 1781 1611; x_wconf 87' lang='lat' dir='ltr'>etverum</span> <span class='ocrx_word' id='word_1_128' title='bbox 1819 1557 1890 1608; x_wconf 89' lang='lat' dir='ltr'>ab</span> <span class='ocrx_word' id='word_1_129' title='bbox 1928 1556 2055 1619; x_wconf 86' lang='lat' dir='ltr'>illis,</span> <span class='ocrx_word' id='word_1_130' title='bbox 2084 1565 2172 1608; x_wconf 88' lang='lat' dir='ltr'>est</span> 
     </span>
    </p>
   </div>
   <div class='ocr_carea' id='block_1_8' title="bbox 301 1633 2172 2250">
    <p class='ocr_par' dir='ltr' id='par_1_8' title="bbox 301 1633 2172 1780">
     <span class='ocr_line' id='line_1_17' title="bbox 301 1633 2172 1702; baseline 0 -16"><span class='ocrx_word' id='word_1_131' title='bbox 301 1635 478 1686; x_wconf 90' lang='lat' dir='ltr'>forma</span> <span class='ocrx_word' id='word_1_132' title='bbox 503 1634 747 1686; x_wconf 89' lang='lat' dir='ltr'>humana</span> <span class='ocrx_word' id='word_1_133' title='bbox 772 1634 828 1684; x_wconf 91' lang='lat' dir='ltr'>in</span> <span class='ocrx_word' id='word_1_134' title='bbox 866 1650 974 1700; x_wconf 90' lang='lat' dir='ltr'>qua</span> <span class='ocrx_word' id='word_1_135' title='bbox 1000 1650 1113 1685; x_wconf 93' lang='lat' dir='ltr'>non</span> <span class='ocrx_word' id='word_1_136' title='bbox 1141 1642 1228 1685; x_wconf 92' lang='lat' dir='ltr'>est</span> <span class='ocrx_word' id='word_1_137' title='bbox 1255 1634 1426 1686; x_wconf 92' lang='lat' dir='ltr'>homo</span> <span class='ocrx_word' id='word_1_138' title='bbox 1446 1652 1459 1699; x_wconf 91' lang='lat'>;</span> <span class='ocrx_word' id='word_1_139' title='bbox 1500 1642 1630 1686; x_wconf 88' lang='lat' dir='ltr'>sunt</span> <span class='ocrx_word' id='word_1_140' title='bbox 1657 1636 1800 1686; x_wconf 89' lang='lat' dir='ltr'>sicut</span> <span class='ocrx_word' id='word_1_141' title='bbox 1827 1633 2074 1702; x_wconf 68' lang='lat' dir='ltr'>picturae</span> <span class='ocrx_word' id='word_1_142' title='bbox 2113 1643 2172 1686; x_wconf 91' lang='lat' dir='ltr'>et</span> 
     </span>
     <span class='ocr_line' id='line_1_18' title="bbox 303 1711 1245 1780; baseline -0.001 -16"><span class='ocrx_word' id='word_1_143' title='bbox 303 1711 599 1780; x_wconf 62' lang='lat' dir='ltr'>sculptiliag</span> <span class='ocrx_word' id='word_1_144' title='bbox 622 1719 681 1763; x_wconf 93' lang='lat' dir='ltr'>et</span> <span class='ocrx_word' id='word_1_145' title='bbox 708 1719 838 1763; x_wconf 90' lang='lat' dir='ltr'>sunt</span> <span class='ocrx_word' id='word_1_146' title='bbox 866 1713 1009 1763; x_wconf 87' lang='lat' dir='ltr'>sicut</span> <span class='ocrx_word' id='word_1_147' title='bbox 1037 1713 1245 1763; x_wconf 80' lang='lat' dir='ltr'>simiae.</span> 
     </span>
    </p>

    <p class='ocr_par' dir='ltr' id='par_1_9' title="bbox 304 1789 2170 2076">
     <span class='ocr_line' id='line_1_19' title="bbox 398 1789 2169 1853; baseline 0.001 -12"><span class='ocrx_word' id='word_1_148' title='bbox 398 1791 615 1842; x_wconf 88' lang='lat' dir='ltr'>Dicitur</span> <span class='ocrx_word' id='word_1_149' title='bbox 640 1789 849 1841; x_wconf 92' lang='lat' dir='ltr'>bonum</span> <span class='ocrx_word' id='word_1_150' title='bbox 877 1798 935 1841; x_wconf 88' lang='lat' dir='ltr'>et</span> <span class='ocrx_word' id='word_1_151' title='bbox 963 1808 1172 1851; x_wconf 90' lang='lat' dir='ltr'>verum,</span> <span class='ocrx_word' id='word_1_152' title='bbox 1202 1791 1309 1842; x_wconf 92' lang='lat' dir='ltr'>hoc</span> <span class='ocrx_word' id='word_1_153' title='bbox 1337 1799 1425 1843; x_wconf 85' lang='lat' dir='ltr'>est</span> <span class='ocrx_word' id='word_1_154' title='bbox 1452 1790 1716 1843; x_wconf 83' lang='lat' dir='ltr'>voluntas</span> <span class='ocrx_word' id='word_1_155' title='bbox 1743 1799 1801 1844; x_wconf 93' lang='lat' dir='ltr'>et</span> <span class='ocrx_word' id='word_1_156' title='bbox 1829 1789 2169 1853; x_wconf 64' lang='lat' dir='ltr'>intellectuS,</span> 
     </span>
     <span class='ocr_line' id='line_1_20' title="bbox 304 1868 2170 1936; baseline 0.001 -17"><span class='ocrx_word' id='word_1_157' title='bbox 304 1869 431 1936; x_wconf 92' lang='lat' dir='ltr'>quia</span> <span class='ocrx_word' id='word_1_158' title='bbox 456 1869 667 1920; x_wconf 91' lang='lat' dir='ltr'>bonum</span> <span class='ocrx_word' id='word_1_159' title='bbox 695 1876 784 1919; x_wconf 89' lang='lat' dir='ltr'>est</span> <span class='ocrx_word' id='word_1_160' title='bbox 810 1868 1119 1920; x_wconf 87' lang='lat' dir='ltr'>voluntatis</span> <span class='ocrx_word' id='word_1_161' title='bbox 1147 1877 1204 1920; x_wconf 91' lang='lat' dir='ltr'>et</span> <span class='ocrx_word' id='word_1_162' title='bbox 1233 1886 1426 1920; x_wconf 88' lang='lat' dir='ltr'>verum</span> <span class='ocrx_word' id='word_1_163' title='bbox 1454 1878 1541 1921; x_wconf 90' lang='lat' dir='ltr'>est</span> <span class='ocrx_word' id='word_1_164' title='bbox 1569 1869 1926 1934; x_wconf 46' lang='lat' dir='ltr'>intellectu&amp;</span> <span class='ocrx_word' id='word_1_165' title='bbox 1969 1870 2170 1922; x_wconf 91' lang='lat' dir='ltr'>volun-</span> 
     </span>
     <span class='ocr_line' id='line_1_21' title="bbox 304 1946 2170 2015; baseline 0.002 -18"><span class='ocrx_word' id='word_1_166' title='bbox 304 1955 393 1998; x_wconf 90' lang='lat' dir='ltr'>tas</span> <span class='ocrx_word' id='word_1_167' title='bbox 426 1947 574 1998; x_wconf 92' lang='lat' dir='ltr'>enim</span> <span class='ocrx_word' id='word_1_168' title='bbox 606 1954 693 1998; x_wconf 91' lang='lat' dir='ltr'>est</span> <span class='ocrx_word' id='word_1_169' title='bbox 725 1946 1143 2012; x_wconf 83' lang='lat' dir='ltr'>receptaculum</span> <span class='ocrx_word' id='word_1_170' title='bbox 1174 1947 1322 2008; x_wconf 88' lang='lat' dir='ltr'>boni,</span> <span class='ocrx_word' id='word_1_171' title='bbox 1352 1955 1410 1998; x_wconf 94' lang='lat' dir='ltr'>et</span> <span class='ocrx_word' id='word_1_172' title='bbox 1441 1946 1764 2000; x_wconf 64' lang='lat' dir='ltr'>intellectus</span> <span class='ocrx_word' id='word_1_173' title='bbox 1795 1956 1882 2000; x_wconf 88' lang='lat' dir='ltr'>est</span> <span class='ocrx_word' id='word_1_174' title='bbox 1913 1957 2170 2015; x_wconf 88' lang='lat' dir='ltr'>recepta-</span> 
     </span>
     <span class='ocr_line' id='line_1_22' title="bbox 305 2025 648 2076; baseline -0.003 -1"><span class='ocrx_word' id='word_1_175' title='bbox 305 2025 491 2076; x_wconf 90' lang='lat' dir='ltr'>culum</span> <span class='ocrx_word' id='word_1_176' title='bbox 518 2025 648 2075; x_wconf 90' lang='lat' dir='ltr'>veri.</span> 
     </span>
    </p>

    <p class='ocr_par' dir='ltr' id='par_1_10' title="bbox 305 2102 2171 2250">
     <span class='ocr_line' id='line_1_23' title="bbox 411 2102 2170 2170; baseline 0.002 -16"><span class='ocrx_word' id='word_1_177' title='bbox 411 2102 523 2155; x_wconf 85' lang='lat' dir='ltr'>Sed</span> <span class='ocrx_word' id='word_1_178' title='bbox 549 2119 721 2169; x_wconf 90' lang='lat' dir='ltr'>usque</span> <span class='ocrx_word' id='word_1_179' title='bbox 748 2103 957 2154; x_wconf 91' lang='lat' dir='ltr'>bonum</span> <span class='ocrx_word' id='word_1_180' title='bbox 985 2111 1043 2154; x_wconf 90' lang='lat' dir='ltr'>et</span> <span class='ocrx_word' id='word_1_181' title='bbox 1071 2119 1262 2154; x_wconf 90' lang='lat' dir='ltr'>verum</span> <span class='ocrx_word' id='word_1_182' title='bbox 1291 2120 1403 2155; x_wconf 91' lang='lat' dir='ltr'>non</span> <span class='ocrx_word' id='word_1_183' title='bbox 1432 2112 1667 2170; x_wconf 89' lang='lat' dir='ltr'>possunt</span> <span class='ocrx_word' id='word_1_184' title='bbox 1695 2122 1818 2155; x_wconf 89' lang='lat' dir='ltr'>esse</span> <span class='ocrx_word' id='word_1_185' title='bbox 1846 2105 1949 2155; x_wconf 87' lang='lat' dir='ltr'>nisi</span> <span class='ocrx_word' id='word_1_186' title='bbox 1987 2106 2042 2155; x_wconf 92' lang='lat' dir='ltr'>in</span> <span class='ocrx_word' id='word_1_187' title='bbox 2070 2123 2170 2157; x_wconf 87' lang='lat' dir='ltr'>suo</span> 
     </span>
     <span class='ocr_line' id='line_1_24' title="bbox 305 2179 2171 2250; baseline 0.002 -18"><span class='ocrx_word' id='word_1_188' title='bbox 305 2179 589 2248; x_wconf 67' lang='lat' dir='ltr'>subje&amp;o;</span> <span class='ocrx_word' id='word_1_189' title='bbox 626 2198 737 2232; x_wconf 93' lang='lat' dir='ltr'>non</span> <span class='ocrx_word' id='word_1_190' title='bbox 765 2182 1007 2247; x_wconf 91' lang='lat' dir='ltr'>separari</span> <span class='ocrx_word' id='word_1_191' title='bbox 1035 2190 1227 2248; x_wconf 87' lang='lat' dir='ltr'>potest</span> <span class='ocrx_word' id='word_1_192' title='bbox 1255 2181 1461 2248; x_wconf 90' lang='lat' dir='ltr'>aliquid</span> <span class='ocrx_word' id='word_1_193' title='bbox 1489 2200 1521 2233; x_wconf 92' lang='lat' dir='ltr'>a</span> <span class='ocrx_word' id='word_1_194' title='bbox 1547 2200 1647 2233; x_wconf 88' lang='lat' dir='ltr'>suo</span> <span class='ocrx_word' id='word_1_195' title='bbox 1675 2181 1931 2248; x_wconf 63' lang='lat' dir='ltr'>subjecto</span> <span class='ocrx_word' id='word_1_196' title='bbox 1952 2201 1964 2246; x_wconf 91' lang='lat'>;</span> <span class='ocrx_word' id='word_1_197' title='bbox 2002 2201 2171 2250; x_wconf 89' lang='lat' dir='ltr'>quare</span> 
     </span>
    </p>
   </div>
   <div class='ocr_carea' id='block_1_9' title="bbox 306 2259 2168 2404">
    <p class='ocr_par' dir='ltr' id='par_1_11' title="bbox 306 2259 2168 2404">
     <span class='ocr_line' id='line_1_25' title="bbox 307 2259 2168 2326; baseline 0.002 -16"><span class='ocrx_word' id='word_1_198' title='bbox 307 2259 477 2310; x_wconf 93' lang='lat' dir='ltr'>homo</span> <span class='ocrx_word' id='word_1_199' title='bbox 504 2267 591 2310; x_wconf 91' lang='lat' dir='ltr'>est</span> <span class='ocrx_word' id='word_1_200' title='bbox 619 2260 907 2325; x_wconf 84' lang='lat' dir='ltr'>proximus</span> <span class='ocrx_word' id='word_1_201' title='bbox 929 2278 940 2323; x_wconf 91' lang='lat'>;</span> <span class='ocrx_word' id='word_1_202' title='bbox 981 2260 1080 2311; x_wconf 90' lang='lat' dir='ltr'>sed</span> <span class='ocrx_word' id='word_1_203' title='bbox 1108 2260 1162 2310; x_wconf 94' lang='lat' dir='ltr'>in</span> <span class='ocrx_word' id='word_1_204' title='bbox 1190 2259 1460 2326; x_wconf 87' lang='lat' dir='ltr'>spirituali</span> <span class='ocrx_word' id='word_1_205' title='bbox 1486 2261 1612 2311; x_wconf 89' lang='lat' dir='ltr'>idea</span> <span class='ocrx_word' id='word_1_206' title='bbox 1637 2261 1846 2312; x_wconf 89' lang='lat' dir='ltr'>bonum</span> <span class='ocrx_word' id='word_1_207' title='bbox 1873 2269 1931 2313; x_wconf 88' lang='lat' dir='ltr'>et</span> <span class='ocrx_word' id='word_1_208' title='bbox 1959 2278 2168 2325; x_wconf 90' lang='lat' dir='ltr'>verum,</span> 
     </span>
     <span class='ocr_line' id='line_1_26' title="bbox 306 2337 1128 2404; baseline 0.001 -16"><span class='ocrx_word' id='word_1_209' title='bbox 306 2354 380 2388; x_wconf 87' lang='lat' dir='ltr'>ex</span> <span class='ocrx_word' id='word_1_210' title='bbox 408 2337 602 2404; x_wconf 90' lang='lat' dir='ltr'>quibus</span> <span class='ocrx_word' id='word_1_211' title='bbox 629 2337 800 2388; x_wconf 91' lang='lat' dir='ltr'>homo</span> <span class='ocrx_word' id='word_1_212' title='bbox 827 2346 915 2389; x_wconf 89' lang='lat' dir='ltr'>est</span> <span class='ocrx_word' id='word_1_213' title='bbox 941 2338 1128 2389; x_wconf 91' lang='lat' dir='ltr'>homo.</span> 
     </span>
    </p>
   </div>
   <div class='ocr_carea' id='block_1_10' title="bbox 303 2485 2114 2544">
    <p class='ocr_par' dir='ltr' id='par_1_12' title="bbox 303 2485 2114 2544">
     <span class='ocr_line' id='line_1_27' title="bbox 303 2485 2114 2544; baseline 0.002 -16"><span class='ocrx_word' id='word_1_214' title='bbox 303 2486 348 2528; x_wconf 85' lang='lat'>2.</span> <span class='ocrx_word' id='word_1_215' title='bbox 392 2486 511 2532; x_wconf 76' lang='lat' dir='ltr'>Quod</span> <span class='ocrx_word' id='word_1_216' title='bbox 534 2485 629 2528; x_wconf 79' lang='lat' dir='ltr'>ideo</span> <span class='ocrx_word' id='word_1_217' title='bbox 658 2486 808 2529; x_wconf 84' lang='lat' dir='ltr'>bonum</span> <span class='ocrx_word' id='word_1_218' title='bbox 839 2490 885 2530; x_wconf 74' lang='lat' dir='ltr'>et</span> <span class='ocrx_word' id='word_1_219' title='bbox 915 2500 1059 2530; x_wconf 76' lang='lat' dir='ltr'>rerum</span> <span class='ocrx_word' id='word_1_220' title='bbox 1088 2488 1206 2542; x_wconf 83' lang='lat' dir='ltr'>apud</span> <span class='ocrx_word' id='word_1_221' title='bbox 1230 2487 1437 2530; x_wconf 69' lang='lat' dir='ltr'>hommem</span> <span class='ocrx_word' id='word_1_222' title='bbox 1466 2488 1528 2531; x_wconf 74' lang='lat' dir='ltr'>sit</span> <span class='ocrx_word' id='word_1_223' title='bbox 1550 2488 1773 2544; x_wconf 78' lang='lat' dir='ltr'>proximus</span> <span class='ocrx_word' id='word_1_224' title='bbox 1801 2488 1876 2544; x_wconf 81' lang='lat' dir='ltr'>qui</span> <span class='ocrx_word' id='word_1_225' title='bbox 1891 2489 2114 2531; x_wconf 82' lang='lat' dir='ltr'>amandus.</span> 
     </span>
    </p>
   </div>
   <div class='ocr_carea' id='block_1_11' title="bbox 305 2584 2174 3587">
    <p class='ocr_par' dir='ltr' id='par_1_13' title="bbox 305 2584 2171 2806">
     <span class='ocr_line' id='line_1_28' title="bbox 411 2584 2170 2653; baseline 0.001 -18"><span class='ocrx_word' id='word_1_226' title='bbox 411 2584 562 2635; x_wconf 92' lang='lat' dir='ltr'>Pone</span> <span class='ocrx_word' id='word_1_227' title='bbox 590 2592 704 2636; x_wconf 88' lang='lat' dir='ltr'>tres</span> <span class='ocrx_word' id='word_1_228' title='bbox 731 2592 827 2636; x_wconf 92' lang='lat' dir='ltr'>aut</span> <span class='ocrx_word' id='word_1_229' title='bbox 855 2584 1050 2636; x_wconf 92' lang='lat' dir='ltr'>decem</span> <span class='ocrx_word' id='word_1_230' title='bbox 1080 2593 1211 2636; x_wconf 90' lang='lat' dir='ltr'>ante</span> <span class='ocrx_word' id='word_1_231' title='bbox 1239 2585 1432 2637; x_wconf 90' lang='lat' dir='ltr'>oculos</span> <span class='ocrx_word' id='word_1_232' title='bbox 1466 2603 1605 2653; x_wconf 94' lang='lat' dir='ltr'>quos</span> <span class='ocrx_word' id='word_1_233' title='bbox 1626 2586 1802 2653; x_wconf 84' lang='lat' dir='ltr'>eligas</span> <span class='ocrx_word' id='word_1_234' title='bbox 1830 2586 1899 2637; x_wconf 91' lang='lat' dir='ltr'>ad</span> <span class='ocrx_word' id='word_1_235' title='bbox 1928 2586 2170 2653; x_wconf 87' lang='lat' dir='ltr'>aliquam</span> 
     </span>
     <span class='ocr_line' id='line_1_29' title="bbox 305 2662 2171 2730; baseline 0.002 -18"><span class='ocrx_word' id='word_1_236' title='bbox 305 2678 423 2713; x_wconf 91' lang='lat' dir='ltr'>rem</span> <span class='ocrx_word' id='word_1_237' title='bbox 450 2662 838 2724; x_wconf 89' lang='lat' dir='ltr'>domesticam,</span> <span class='ocrx_word' id='word_1_238' title='bbox 869 2680 999 2713; x_wconf 90' lang='lat' dir='ltr'>num</span> <span class='ocrx_word' id='word_1_239' title='bbox 1028 2663 1186 2730; x_wconf 88' lang='lat' dir='ltr'>eligis</span> <span class='ocrx_word' id='word_1_240' title='bbox 1214 2663 1376 2715; x_wconf 88' lang='lat' dir='ltr'>aliter</span> <span class='ocrx_word' id='word_1_241' title='bbox 1414 2681 1580 2730; x_wconf 90' lang='lat' dir='ltr'>quam</span> <span class='ocrx_word' id='word_1_242' title='bbox 1619 2665 1923 2716; x_wconf 91' lang='lat' dir='ltr'>secundum</span> <span class='ocrx_word' id='word_1_243' title='bbox 1962 2665 2171 2716; x_wconf 92' lang='lat' dir='ltr'>bonum</span> 
     </span>
     <span class='ocr_line' id='line_1_30' title="bbox 307 2740 1637 2806; baseline 0.002 -15"><span class='ocrx_word' id='word_1_244' title='bbox 307 2747 366 2792; x_wconf 89' lang='lat' dir='ltr'>et</span> <span class='ocrx_word' id='word_1_245' title='bbox 392 2757 583 2791; x_wconf 88' lang='lat' dir='ltr'>verum</span> <span class='ocrx_word' id='word_1_246' title='bbox 610 2741 758 2806; x_wconf 89' lang='lat' dir='ltr'>apud</span> <span class='ocrx_word' id='word_1_247' title='bbox 784 2740 909 2792; x_wconf 89' lang='lat' dir='ltr'>illos</span> <span class='ocrx_word' id='word_1_248' title='bbox 931 2759 943 2805; x_wconf 90' lang='lat'>;</span> <span class='ocrx_word' id='word_1_249' title='bbox 983 2741 1111 2792; x_wconf 92' lang='lat' dir='ltr'>inde</span> <span class='ocrx_word' id='word_1_250' title='bbox 1139 2741 1310 2793; x_wconf 91' lang='lat' dir='ltr'>homo</span> <span class='ocrx_word' id='word_1_251' title='bbox 1337 2750 1424 2793; x_wconf 89' lang='lat' dir='ltr'>est</span> <span class='ocrx_word' id='word_1_252' title='bbox 1451 2742 1637 2793; x_wconf 77' lang='lat' dir='ltr'>homo,</span> 
     </span>
    </p>

    <p class='ocr_par' dir='ltr' id='par_1_14' title="bbox 307 2817 2174 2964">
     <span class='ocr_line' id='line_1_31' title="bbox 413 2817 2174 2888; baseline 0.002 -19"><span class='ocrx_word' id='word_1_253' title='bbox 413 2817 470 2869; x_wconf 85' lang='lat' dir='ltr'>Si</span> <span class='ocrx_word' id='word_1_254' title='bbox 505 2818 576 2869; x_wconf 89' lang='lat' dir='ltr'>ad</span> <span class='ocrx_word' id='word_1_255' title='bbox 614 2818 944 2870; x_wconf 87' lang='lat' dir='ltr'>famulitium</span> <span class='ocrx_word' id='word_1_256' title='bbox 972 2819 1132 2887; x_wconf 90' lang='lat' dir='ltr'>eligis</span> <span class='ocrx_word' id='word_1_257' title='bbox 1171 2821 1317 2870; x_wconf 87' lang='lat' dir='ltr'>inter</span> <span class='ocrx_word' id='word_1_258' title='bbox 1342 2821 1539 2871; x_wconf 92' lang='lat' dir='ltr'>decem</span> <span class='ocrx_word' id='word_1_259' title='bbox 1578 2819 1836 2888; x_wconf 88' lang='lat' dir='ltr'>aliquem,</span> <span class='ocrx_word' id='word_1_260' title='bbox 1866 2838 2054 2873; x_wconf 92' lang='lat' dir='ltr'>annon</span> <span class='ocrx_word' id='word_1_261' title='bbox 2093 2822 2174 2872; x_wconf 90' lang='lat' dir='ltr'>in-</span> 
     </span>
     <span class='ocr_line' id='line_1_32' title="bbox 307 2895 1479 2964; baseline 0.002 -18"><span class='ocrx_word' id='word_1_262' title='bbox 307 2896 475 2963; x_wconf 89' lang='lat' dir='ltr'>quiris</span> <span class='ocrx_word' id='word_1_263' title='bbox 500 2895 856 2948; x_wconf 89' lang='lat' dir='ltr'>voluntatem</span> <span class='ocrx_word' id='word_1_264' title='bbox 884 2906 941 2948; x_wconf 94' lang='lat' dir='ltr'>et</span> <span class='ocrx_word' id='word_1_265' title='bbox 969 2896 1320 2949; x_wconf 61' lang='lat' dir='ltr'>intellectum</span> <span class='ocrx_word' id='word_1_266' title='bbox 1348 2897 1479 2964; x_wconf 78' lang='lat' dir='ltr'>ejus,</span> 
     </span>
    </p>

    <p class='ocr_par' dir='ltr' id='par_1_15' title="bbox 309 2973 2173 3431">
     <span class='ocr_line' id='line_1_33' title="bbox 415 2973 2173 3042; baseline 0.002 -17"><span class='ocrx_word' id='word_1_267' title='bbox 415 2973 524 3040; x_wconf 78' lang='lat' dir='ltr'>Qui</span> <span class='ocrx_word' id='word_1_268' title='bbox 546 2974 771 3041; x_wconf 88' lang='lat' dir='ltr'>eligitur</span> <span class='ocrx_word' id='word_1_269' title='bbox 792 2984 879 3027; x_wconf 89' lang='lat' dir='ltr'>est</span> <span class='ocrx_word' id='word_1_270' title='bbox 908 2977 1008 3027; x_wconf 87' lang='lat' dir='ltr'>tibi</span> <span class='ocrx_word' id='word_1_271' title='bbox 1030 2977 1319 3042; x_wconf 86' lang='lat' dir='ltr'>proximus</span> <span class='ocrx_word' id='word_1_272' title='bbox 1341 2977 1688 3042; x_wconf 70' lang='lat' dir='ltr'>qui‘amatur.</span> <span class='ocrx_word' id='word_1_273' title='bbox 1767 2977 1958 3028; x_wconf 92' lang='lat' dir='ltr'>Homo</span> <span class='ocrx_word' id='word_1_274' title='bbox 1980 2977 2173 3029; x_wconf 91' lang='lat' dir='ltr'>diabo-</span> 
     </span>
     <span class='ocr_line' id='line_1_34' title="bbox 310 3051 2170 3120; baseline 0.002 -18"><span class='ocrx_word' id='word_1_275' title='bbox 310 3051 396 3102; x_wconf 90' lang='lat' dir='ltr'>lus</span> <span class='ocrx_word' id='word_1_276' title='bbox 418 3060 609 3118; x_wconf 90' lang='lat' dir='ltr'>potest</span> <span class='ocrx_word' id='word_1_277' title='bbox 631 3053 825 3104; x_wconf 89' lang='lat' dir='ltr'>similis</span> <span class='ocrx_word' id='word_1_278' title='bbox 852 3054 990 3104; x_wconf 90' lang='lat' dir='ltr'>facie</span> <span class='ocrx_word' id='word_1_279' title='bbox 1013 3071 1281 3120; x_wconf 90' lang='lat' dir='ltr'>apparere</span> <span class='ocrx_word' id='word_1_280' title='bbox 1310 3055 1452 3105; x_wconf 87' lang='lat' dir='ltr'>sicut</span> <span class='ocrx_word' id='word_1_281' title='bbox 1479 3052 1651 3105; x_wconf 91' lang='lat' dir='ltr'>homo</span> <span class='ocrx_word' id='word_1_282' title='bbox 1673 3054 1909 3120; x_wconf 84' lang='lat' dir='ltr'>angelus</span> <span class='ocrx_word' id='word_1_283' title='bbox 1931 3073 1942 3117; x_wconf 89' lang='lat'>;</span> <span class='ocrx_word' id='word_1_284' title='bbox 1982 3072 2170 3106; x_wconf 90' lang='lat' dir='ltr'>annon</span> 
     </span>
     <span class='ocr_line' id='line_1_35' title="bbox 309 3129 2171 3196; baseline 0.003 -16"><span class='ocrx_word' id='word_1_285' title='bbox 309 3129 481 3182; x_wconf 87' lang='lat' dir='ltr'>homo</span> <span class='ocrx_word' id='word_1_286' title='bbox 507 3130 742 3196; x_wconf 84' lang='lat' dir='ltr'>angelus</span> <span class='ocrx_word' id='word_1_287' title='bbox 770 3132 1060 3195; x_wconf 78' lang='lat' dir='ltr'>amanduS,</span> <span class='ocrx_word' id='word_1_288' title='bbox 1087 3140 1146 3183; x_wconf 89' lang='lat' dir='ltr'>et</span> <span class='ocrx_word' id='word_1_289' title='bbox 1186 3149 1300 3182; x_wconf 91' lang='lat' dir='ltr'>non</span> <span class='ocrx_word' id='word_1_290' title='bbox 1327 3132 1497 3182; x_wconf 91' lang='lat' dir='ltr'>homo</span> <span class='ocrx_word' id='word_1_291' title='bbox 1534 3131 1804 3183; x_wconf 83' lang='lat' dir='ltr'>diabolus,</span> <span class='ocrx_word' id='word_1_292' title='bbox 1882 3133 2171 3185; x_wconf 88' lang='lat' dir='ltr'>Benesacis</span> 
     </span>
     <span class='ocr_line' id='line_1_36' title="bbox 310 3207 2170 3276; baseline 0.002 -18"><span class='ocrx_word' id='word_1_293' title='bbox 310 3207 523 3258; x_wconf 91' lang='lat' dir='ltr'>homini</span> <span class='ocrx_word' id='word_1_294' title='bbox 562 3208 771 3275; x_wconf 90' lang='lat' dir='ltr'>angelo</span> <span class='ocrx_word' id='word_1_295' title='bbox 811 3218 1042 3276; x_wconf 90' lang='lat' dir='ltr'>propter</span> <span class='ocrx_word' id='word_1_296' title='bbox 1081 3210 1291 3261; x_wconf 92' lang='lat' dir='ltr'>bonum</span> <span class='ocrx_word' id='word_1_297' title='bbox 1330 3217 1388 3260; x_wconf 91' lang='lat' dir='ltr'>et</span> <span class='ocrx_word' id='word_1_298' title='bbox 1427 3226 1619 3259; x_wconf 89' lang='lat' dir='ltr'>verum</span> <span class='ocrx_word' id='word_1_299' title='bbox 1657 3210 1805 3275; x_wconf 87' lang='lat' dir='ltr'>apud</span> <span class='ocrx_word' id='word_1_300' title='bbox 1844 3209 2018 3274; x_wconf 90' lang='lat' dir='ltr'>illum,</span> <span class='ocrx_word' id='word_1_301' title='bbox 2058 3228 2170 3262; x_wconf 93' lang='lat' dir='ltr'>non</span> 
     </span>
     <span class='ocr_line' id='line_1_37' title="bbox 310 3286 2169 3353; baseline 0.002 -17"><span class='ocrx_word' id='word_1_302' title='bbox 310 3293 500 3337; x_wconf 89' lang='lat' dir='ltr'>autem</span> <span class='ocrx_word' id='word_1_303' title='bbox 527 3286 738 3337; x_wconf 92' lang='lat' dir='ltr'>homini</span> <span class='ocrx_word' id='word_1_304' title='bbox 766 3287 991 3338; x_wconf 92' lang='lat' dir='ltr'>diabolo</span> <span class='ocrx_word' id='word_1_305' title='bbox 1018 3305 1028 3350; x_wconf 93' lang='lat'>;</span> <span class='ocrx_word' id='word_1_306' title='bbox 1069 3288 1313 3338; x_wconf 90' lang='lat' dir='ltr'>charitas</span> <span class='ocrx_word' id='word_1_307' title='bbox 1340 3295 1444 3349; x_wconf 91' lang='lat' dir='ltr'>est,</span> <span class='ocrx_word' id='word_1_308' title='bbox 1471 3295 1532 3338; x_wconf 87' lang='lat' dir='ltr'>ut</span> <span class='ocrx_word' id='word_1_309' title='bbox 1559 3287 1646 3338; x_wconf 90' lang='lat' dir='ltr'>hic</span> <span class='ocrx_word' id='word_1_310' title='bbox 1675 3287 1936 3353; x_wconf 88' lang='lat' dir='ltr'>puniatur</span> <span class='ocrx_word' id='word_1_311' title='bbox 1974 3289 2019 3339; x_wconf 90' lang='lat' dir='ltr'>si</span> <span class='ocrx_word' id='word_1_312' title='bbox 2047 3305 2169 3340; x_wconf 91' lang='lat' dir='ltr'>ma-</span> 
     </span>
     <span class='ocr_line' id='line_1_38' title="bbox 311 3362 1574 3431; baseline 0.001 -17"><span class='ocrx_word' id='word_1_313' title='bbox 311 3362 426 3414; x_wconf 89' lang='lat' dir='ltr'>lum</span> <span class='ocrx_word' id='word_1_314' title='bbox 452 3363 601 3427; x_wconf 87' lang='lat' dir='ltr'>facit,</span> <span class='ocrx_word' id='word_1_315' title='bbox 629 3372 685 3416; x_wconf 88' lang='lat' dir='ltr'>et</span> <span class='ocrx_word' id='word_1_316' title='bbox 713 3365 884 3415; x_wconf 91' lang='lat' dir='ltr'>homo</span> <span class='ocrx_word' id='word_1_317' title='bbox 911 3365 1146 3431; x_wconf 91' lang='lat' dir='ltr'>angelus</span> <span class='ocrx_word' id='word_1_318' title='bbox 1174 3372 1574 3415; x_wconf 89' lang='lat' dir='ltr'>remuneretur.</span> 
     </span>
    </p>

    <p class='ocr_par' dir='ltr' id='par_1_16' title="bbox 312 3440 2173 3587">
     <span class='ocr_line' id='line_1_39' title="bbox 417 3440 2173 3509; baseline 0.002 -17"><span class='ocrx_word' id='word_1_319' title='bbox 417 3440 475 3492; x_wconf 86' lang='lat' dir='ltr'>Si</span> <span class='ocrx_word' id='word_1_320' title='bbox 495 3440 716 3507; x_wconf 66' lang='lat' dir='ltr'>spectas</span> <span class='ocrx_word' id='word_1_321' title='bbox 734 3443 930 3494; x_wconf 91' lang='lat' dir='ltr'>decem</span> <span class='ocrx_word' id='word_1_322' title='bbox 949 3445 1191 3509; x_wconf 89' lang='lat' dir='ltr'>virgines</span> <span class='ocrx_word' id='word_1_323' title='bbox 1210 3451 1270 3493; x_wconf 92' lang='lat' dir='ltr'>ut</span> <span class='ocrx_word' id='word_1_324' title='bbox 1292 3442 1469 3508; x_wconf 88' lang='lat' dir='ltr'>eligas</span> <span class='ocrx_word' id='word_1_325' title='bbox 1491 3459 1657 3492; x_wconf 89' lang='lat' dir='ltr'>unam</span> <span class='ocrx_word' id='word_1_326' title='bbox 1679 3443 1733 3493; x_wconf 91' lang='lat' dir='ltr'>in</span> <span class='ocrx_word' id='word_1_327' title='bbox 1756 3459 2008 3506; x_wconf 84' lang='lat' dir='ltr'>uxorem,</span> <span class='ocrx_word' id='word_1_328' title='bbox 2026 3444 2173 3495; x_wconf 88' lang='lat' dir='ltr'>inter</span> 
     </span>
     <span class='ocr_line' id='line_1_40' title="bbox 312 3520 2169 3587; baseline 0.002 -19"><span class='ocrx_word' id='word_1_329' title='bbox 312 3535 449 3585; x_wconf 90' lang='lat' dir='ltr'>quas</span> <span class='ocrx_word' id='word_1_330' title='bbox 476 3520 717 3586; x_wconf 91' lang='lat' dir='ltr'>quinque</span> <span class='ocrx_word' id='word_1_331' title='bbox 739 3522 1078 3582; x_wconf 79' lang='lat' dir='ltr'>meretriceS,</span> <span class='ocrx_word' id='word_1_332' title='bbox 1102 3522 1342 3587; x_wconf 90' lang='lat' dir='ltr'>quinque</span> <span class='ocrx_word' id='word_1_333' title='bbox 1365 3527 1574 3580; x_wconf 87' lang='lat' dir='ltr'>castae,</span> <span class='ocrx_word' id='word_1_334' title='bbox 1599 3537 1785 3570; x_wconf 91' lang='lat' dir='ltr'>nonne</span> <span class='ocrx_word' id='word_1_335' title='bbox 1814 3520 1974 3586; x_wconf 91' lang='lat' dir='ltr'>eligis</span> <span class='ocrx_word' id='word_1_336' title='bbox 2002 3538 2169 3572; x_wconf 88' lang='lat' dir='ltr'>unam</span> 
     </span>
    </p>
   </div>
   <div class='ocr_carea' id='block_1_12' title="bbox 313 3597 2171 3725">
    <p class='ocr_par' dir='ltr' id='par_1_17' title="bbox 313 3597 2171 3725">
     <span class='ocr_line' id='line_1_41' title="bbox 313 3597 2171 3664; baseline 0.002 -18"><span class='ocrx_word' id='word_1_337' title='bbox 313 3613 388 3646; x_wconf 87' lang='lat' dir='ltr'>ex</span> <span class='ocrx_word' id='word_1_338' title='bbox 415 3597 601 3661; x_wconf 81' lang='lat' dir='ltr'>castiS,</span> <span class='ocrx_word' id='word_1_339' title='bbox 629 3598 935 3649; x_wconf 90' lang='lat' dir='ltr'>secundum</span> <span class='ocrx_word' id='word_1_340' title='bbox 962 3598 1076 3664; x_wconf 88' lang='lat' dir='ltr'>ejus</span> <span class='ocrx_word' id='word_1_341' title='bbox 1115 3600 1341 3661; x_wconf 88' lang='lat' dir='ltr'>bonum,</span> <span class='ocrx_word' id='word_1_342' title='bbox 1369 3598 1518 3664; x_wconf 91' lang='lat' dir='ltr'>quod</span> <span class='ocrx_word' id='word_1_343' title='bbox 1546 3614 1672 3648; x_wconf 91' lang='lat' dir='ltr'>cum</span> <span class='ocrx_word' id='word_1_344' title='bbox 1712 3605 1809 3649; x_wconf 91' lang='lat' dir='ltr'>tuo</span> <span class='ocrx_word' id='word_1_345' title='bbox 1847 3598 1999 3649; x_wconf 91' lang='lat' dir='ltr'>bono</span> <span class='ocrx_word' id='word_1_346' title='bbox 2038 3615 2171 3650; x_wconf 87' lang='lat' dir='ltr'>con-</span> 
     </span>
     <span class='ocr_line' id='line_1_42' title="bbox 314 3674 527 3725; baseline 0.005 -1"><span class='ocrx_word' id='word_1_347' title='bbox 314 3674 527 3725; x_wconf 89' lang='lat' dir='ltr'>cordat.</span> 
     </span>
    </p>
   </div>
  </div>
 </body>
</html>
