2496 4250
779 419 861 459 DE
902 417 1128 459 DIVINA
1167 416 1534 457 TRINITATE.
2025 414 2088 469 59

211 563 361 614 dam
411 569 508 612 aut
561 560 892 628 quibusdam
947 567 1120 627 [11post
1170 557 1307 610 illud
1358 556 1672 609 concilium.
1768 555 1927 606 Haec
1981 556 2088 606 tria

232 639 505 707 Symbola
545 640 616 690 ab
657 639 915 690 Ecclesia
945 638 1267 690 Christiana
1301 645 1361 688 ut
1395 635 1758 686 oecumenica
1786 651 1849 684 ac
1885 635 2086 684 catho-

230 719 356 780 lica,
387 718 494 769 hoc
530 726 636 778 est,
668 716 1004 767 universalia
1036 714 1325 767 d06trinae
1359 715 1428 766 de
1463 714 1588 764 Deo
1621 714 1803 774 Patre,
1836 712 1998 773 Filio,
2029 721 2087 763 et

227 795 437 864 Spiritu
470 794 697 857 Sancsto,
728 796 924 861 agnita
957 803 1013 845 et
1037 802 1266 861 recepta
1295 802 1443 844 sunt.

333 888 380 925 2.
435 873 749 941 Symbolum
780 872 1160 938 Apostolz'cum
1186 874 1267 923 ita
1294 873 1465 922 docet
1490 888 1577 921 :—

327 984 483 1022 “Credo
501 985 544 1020 in
562 984 707 1027 Deum,
726 984 890 1020 Patrem
909 983 1219 1034 omnipotentem,
1240 979 1280 1013 [2]
1289 982 1514 1018 Creatorem
1533 981 1635 1017 caeli
1652 984 1690 1016 et
1706 984 1848 1017 terrae.

329 1043 424 1092 [Et]
447 1044 490 1080 in
515 1042 659 1092 Jesum
682 1042 894 1084 Christum,
915 1042 1067 1077 Filium
1086 1041 1192 1087 Ejus
1212 1040 1422 1087 [unicum]‚
1443 1040 1662 1076 Dominum
1681 1043 1858 1075 nostrum
1870 1051 1887 1081 ,·
1915 1038 1987 1086 qui
2005 1050 2093 1075 con-

478 1106 608 1150 ceptus
625 1105 682 1137 est
699 1099 790 1136 [3la'e
807 1100 968 1148 Spiritu
987 1100 1142 1142 Sancto,
1163 1103 1281 1134 natus
1298 1111 1348 1134 ex
1366 1099 1508 1135 Maria
1539 1099 1713 1146 Virgine.
1743 1126 1752 1135 .
1770 1127 1779 1135 .
1797 1125 1805 1135 .
1823 1126 1832 1135 .

333 1160 457 1198 Credo
474 1161 517 1196 in
537 1160 734 1208 Spiritum
753 1160 942 1196 Sanctum
953 1157 996 1202 ,·”
1018 1161 1087 1195 etc.

230 1252 544 1320 Symbolum
571 1252 873 1303 Nicaenum
905 1251 984 1301 ita
1018 1250 1187 1301 docet
1210 1266 1293 1299 :—

329 1362 484 1399 “Credo
502 1363 544 1398 in
562 1373 685 1398 unum
704 1362 847 1404 Deum,
867 1362 1030 1397 Patrem
1049 1360 1359 1408 omnipotentem,
1380 1361 1585 1396 Factorem
1603 1359 1703 1395 caeli
1721 1363 1759 1394 et
1775 1363 1906 1394 terrae
1909 1386 2022 1396 .....

329 1422 390 1459 Et
413 1422 456 1458 in
483 1433 606 1457 unum
626 1421 845 1456 Dominum
867 1419 1012 1469 Jesum
1035 1419 1248 1462 Christum,
1269 1419 1422 1455 Filium
1449 1419 1531 1454 Dei
1556 1418 1816 1466 unigenitum,
1836 1421 1875 1453 et
1898 1429 1948 1453 ex
1973 1418 2096 1453 Patre

479 1484 618 1516 natum
638 1484 730 1516 ante
752 1478 918 1526 [omn-ia]
942 1479 1128 1520 saecula;
1147 1478 1331 1525 genitum
1353 1490 1430 1514 non
1440 1478 1613 1526 sactum,
1634 1476 1999 1513 consubstantialem
2018 1476 2096 1511 Pa-

479 1540 548 1582 tri,
564 1545 643 1587 per
667 1550 780 1586 quem
807 1538 939 1574 omnia
954 1538 1074 1586 facta
1099 1541 1219 1579 sunt,·
1249 1537 1321 1584 qui
1355 1565 1364 1574 .
1403 1565 1411 1573 .
1449 1565 1459 1574 .
1496 1537 1693 1573 descendit
1717 1548 1737 1571 e
1762 1536 1879 1577 caelo,
1901 1539 1941 1571 et
1965 1535 2097 1570 incar-

480 1602 597 1634 natus
614 1601 672 1633 est
687 1597 734 1633 de
747 1597 904 1644 Spiritu
919 1598 1062 1633 Sancto
1080 1608 1130 1631 ex
1148 1597 1291 1632 Maria
1320 1596 1496 1643 Virgine,
1512 1600 1550 1631 et
1562 1596 1690 1632 Homo
1696 1595 1837 1643 factus
1857 1593 1947 1641 [est]
1954 1622 2094 1631 ......

298 1666 302 1677 ’
331 1657 392 1693 Et
409 1656 454 1694 in
474 1657 671 1704 Spiritum
690 1657 890 1698 Sanctum,
912 1655 1131 1691 Dominum
1152 1658 1191 1690 et
1211 1655 1490 1701 vivificantem,
1510 1654 1580 1701 qui
1599 1665 1650 1689 ex
1667 1654 1793 1690 Patre
1811 1653 1993 1699 Filioque
2001 1657 2096 1700 pro-

480 1715 586 1752 cedit
595 1727 612 1757 ,·
640 1715 811 1762 quicum
829 1715 952 1750 Patre
968 1717 1007 1749 et
1023 1714 1128 1749 Filio
1146 1713 1272 1749 simul
1286 1713 1483 1749 adoratur
1499 1716 1538 1748 et
1544 1712 1806 1760 glorificatur
1814 1724 1831 1754 ,·
1860 1712 1930 1758 qui
1947 1711 2099 1747 locutus

481 1777 540 1810 est
549 1779 630 1822 per
640 1774 865 1822 prophetas.
896 1801 1012 1810 .....
1019 1771 1039 1783 ”

233 1882 547 1950 Symbolum
573 1880 1030 1932 Athanasianum
1062 1880 1142 1931 ita
1174 1879 1344 1930 docet
1367 1896 1454 1929 :—

333 1997 355 2013 “
368 1993 486 2031 Fides
507 1993 710 2030 Catholica
728 1993 822 2028 llaec
839 1996 975 2028 est:—

434 2070 456 2085 “
470 2067 524 2103 Ut
539 2077 662 2102 unum
682 2066 813 2101 Deum
830 2065 874 2100 in
900 2065 939 2101 T
933 2064 1107 2107 rinitate,
1127 2067 1166 2100 et
1191 2063 1425 2099 Trinitatem
1443 2062 1487 2099 iu
1514 2062 1674 2099 Unitate
1691 2072 1948 2103 veneremur:
1969 2088 1979 2098 .
2000 2088 2009 2097 .
2030 2087 2040 2097 .
2061 2058 2098 2097 .''

341 2125 458 2174 Quod
471 2125 556 2162 alia
573 2125 630 2160 sit
644 2125 820 2160 Persona
837 2123 988 2166 Patris,
1007 2123 1093 2159 alia
1111 2122 1224 2164 Fili-i,
1245 2126 1283 2157 et
1299 2122 1383 2157 alia
1403 2122 1579 2168 Spiritus
1597 2121 1762 2162 Sancti:
1783 2149 1792 2157 .
1815 2148 1823 2157 .
1845 2148 1854 2157 .
1875 2148 1885 2157 .

340 2184 458 2232 Quod
470 2185 596 2220 Pater
609 2184 665 2219 sit
681 2183 891 2224 increatus,
911 2183 1133 2224 immensus,
1154 2184 1347 2223 aeternus,
1364 2181 1613 2227 omnipotens,
1635 2180 1747 2216 Deus
1763 2183 1802 2215 et
1819 2178 2038 2219 Dominus,
2035 2189 2045 2198 ·

334 2243 536 2280 Similiter
551 2243 683 2279 Filius
700 2246 739 2278 et
752 2242 943 2277 similiter
959 2241 1136 2288 Spiritus
1155 2241 1352 2282 Saucius,-

335 2303 396 2339 Et
411 2302 518 2350 quod
531 2305 662 2338 tamen
680 2313 758 2336 non
771 2305 866 2336 sunt
881 2304 960 2336 tres
978 2300 1159 2343 increati,
1174 2300 1367 2343 immensi,
1384 2299 1548 2341 aeterni,
1564 2275 1851 2345 omnipotentes,
1869 2295 1946 2332 Dii
1963 2298 2002 2331 et
2019 2295 2102 2331 Do-

485 2353 597 2394 mini,
617 2351 687 2387 sed
701 2363 815 2388 unus.

338 2411 482 2459 [Quod
495 2412 620 2447 Pater
635 2422 660 2446 a
678 2410 789 2446 nullo
806 2410 1018 2458 sitsaaeftus,
1038 2421 1107 2446 nec
1124 2413 1292 2452 creatus,
1312 2420 1380 2445 nec
1392 2407 1584 2456 genitus]

343 2470 462 2517 Quod
476 2470 609 2506 Filius
627 2481 651 2504 a
670 2469 793 2505 Patre
808 2470 890 2504 solo
910 2469 989 2510 sit:
1018 2480 1096 2504 non
1103 2469 1255 2516 satius,
1276 2480 1344 2504 nec
1362 2471 1528 2509 creatus,
1547 2466 1617 2502 sed
1625 2465 1799 2513 <genitus.

339 2527 498 2576 [Quod]
516 2528 693 2614 SpiZ'tus
706 2529 873 2564 Sanetus
887 2540 911 2563 a
926 2528 1048 2563 Patre
1061 2531 1099 2563 et
1111 2527 1218 2563 Filio
1230 2540 1246 2569 ,·
1264 2524 1344 2562 non
1350 2527 1501 2574 sac‘tus,
1517 2536 1585 2561 nec
1599 2528 1763 2566 creatus,
1777 2533 1846 2559 nec
1852 2521 2024 2569 genitus,
2037 2518 2107 2556 sed

479 2585 602 2626 proce
630 2590 708 2615 ens.

345 2638 463 2686 Quod
477 2639 521 2674 in
538 2638 613 2673 hac
638 2638 676 2673 T
670 2638 836 2673 rinitate
853 2637 962 2672 nihil
968 2636 1090 2684 prius
1106 2640 1146 2672 et
1153 2636 1364 2684 posterius,
1384 2639 1423 2671 et
1439 2635 1549 2671 nilzz‘l
1563 2634 1693 2680 majus
1711 2637 1749 2668 et
1765 2632 1895 2668 minus
1911 2631 1966 2666 sit
1973 2643 1989 2672 ,·

339 2697 420 2734 Sed
435 2697 541 2744 quod
556 2701 658 2732 totae
676 2697 970 2732 tres·Pers0nae
989 2699 1215 2732 coaeternae
1233 2699 1271 2730 et
1286 2694 1515 2742 coaequales
1531 2694 1622 2730 sint.

299 2783 302 2786 -
341 2756 447 2793 “Sed
478 2756 574 2803 quia
607 2755 842 2803 singulatim
873 2755 1175 2802 unumquemvis
1205 2755 1421 2790 Personam
1452 2753 1584 2789 Deum
1617 2755 1656 2788 et
1680 2750 1899 2787 Dominum
1929 2747 2106 2795 confiteri

496 2806 726 2843 Christiana
743 2807 912 2841 veritate
929 2806 1213 2852 compellimur,

341 2865 405 2902 Ita
422 2869 503 2902 tres
520 2866 626 2902 Deos
646 2863 762 2901 [4laut
778 2869 858 2901 tres
876 2865 1070 2900 Dominos
1087 2865 1228 2907 dicere,
1254 2863 1456 2900 Catholica
1476 2861 1669 2910 religione
1677 2860 1937 2908 prohibemur
1949 2857 1990 2894 :¹¹

243 2963 474 3015 ulterius
508 2964 577 3014 de
610 2963 858 3014 Domino
888 2963 1020 3029 Jesu
1055 2962 1283 3014 Christo
1316 2963 1397 3012 ita

351 3065 468 3112 Quod
483 3065 575 3101 licet
591 3065 668 3100 Ille
685 3068 742 3100 est
758 3065 869 3101 Deus
886 3068 926 3100 et
942 3065 1082 3107 Homo,

342 3125 434 3161 Non
453 3128 584 3160 tamen
601 3124 685 3159 sint
701 3123 788 3166 duo,
807 3123 878 3159 sed
892 3135 994 3159 unus
1017 3123 1208 3160 Christus.

354 3245 398 3296 3.
455 3229 622 3296 Quod
655 3249 728 3281 ex
762 3230 984 3281 traditis
1018 3229 1103 3280 his
1132 3230 1187 3280 in
1220 3229 1397 3279 tribus
1430 3227 1703 3294 symbolis
1743 3226 1932 3292 colligi
1974 3242 2103 3291 pos-

248 3309 319 3360 sit
353 3309 641 3376 quomodo
673 3310 728 3358 in
769 3309 1081 3375 unoquovis
1111 3305 1448 3358 [⁵]intelle6ta
1488 3315 1574 3357 est
1615 3306 1865 3356 Trinitas
1906 3305 2011 3355 Dei
2050 3305 2106 3355 in

247 3387 491 3440 Unitate
524 3395 581 3438 et
610 3387 818 3438 Unitas
851 3388 905 3437 in
934 3387 1232 3437 Trinitate.

354 3465 686 3532 Symbolum
715 3467 862 3515 enim
884 3465 1263 3530 Apostolicum
1291 3464 1465 3514 tradit
1498 3464 1567 3514 de
1602 3463 1726 3513 Deo
1760 3463 1924 3513 Patre
1957 3463 2106 3529 quod

250 3545 322 3596 sit
363 3544 600 3601 Creator
631 3545 905 3607 universi;
947 3544 1017 3594 de
1052 3543 1195 3593 Filio
1236 3542 1387 3608 Ejus,
1424 3542 1572 3608 quod
1613 3543 1685 3592 sit
1725 3549 2034 3606 conceptus
2075 3559 2107 3591 a

251 3621 459 3688 Spiritu
499 3620 726 3682 saneto,
757 3629 815 3672 et
856 3630 1021 3672 natus
1063 3639 1136 3672 ex
1178 3621 1357 3671 Maria
1391 3620 1659 3686 Virgine;
1703 3627 1759 3670 et
1793 3619 1861 3670 de
1896 3617 2105 3685 Spiritu

253 3698 479 3761 SanfftO,
510 3699 660 3766 quod
694 3701 782 3750 sit.
