2496 4250
871 445 1072 485 INDEX
1113 445 1334 486 RERUM
1376 445 1582 485 PRIOR.
2099 436 2153 488 iis

424 587 549 640 Quod
573 600 687 627 amor
710 585 967 627 scortatorius
991 586 1041 626 sit
1063 585 1274 639 oppositus
1297 585 1426 625 amori
1449 585 1629 634 caelesti,
1646 584 1744 638 quia
1766 597 1881 624 amor
1903 584 2162 624 scortatorius

508 658 568 691 est
582 650 804 762 inf)ernalis,
820 656 860 690 et
878 663 993 689 amor
1009 650 1250 702 conjugialis
1266 656 1326 690 est
1341 649 1526 690 caelestis
1549 648 1607 705 (n.
1623 659 1830 701 1911-1914
1850 654 1922 697 [De
1935 655 2022 687 Am.
2046 654 2162 695 conj„

507 723 543 746 n.
560 712 636 755 429]
664 737 672 747 .

424 802 548 855 Quod
568 814 682 841 amor
700 800 958 848 scortatorius
981 801 1032 840 sit
1050 800 1094 840 in
1113 801 1299 853 jucundo
1323 801 1421 840 mali
1446 807 1486 841 et
1505 800 1610 851 salsi,
1628 814 1743 840 amor
1764 807 1900 840 autem
1920 799 2162 854 conjugialis

502 865 547 904 in
563 865 750 918 jucundo
769 864 868 904 boni
891 872 931 904 et
953 864 1041 904 veri
1064 863 1124 921 (n.
1143 873 1357 916 1915-1919
1377 870 1451 913 [De
1464 872 1552 905 Am.
1574 871 1690 911 conj„
1707 881 1742 903 n.
1761 863 1857 920 427)-

424 961 550 1015 Quod
579 961 840 1001 immundum
877 960 1025 1001 inferni
1061 960 1112 1001 sit
1145 974 1197 1000 ex
1225 974 1364 1000 amore
1393 961 1645 1010 scortatorio,
1675 967 1713 1001 et
1744 961 1946 1000 mundum
1972 960 2081 1001 'caeli
2111 973 2163 1000 ex

505 1038 643 1066 amore
663 1025 884 1079 conjugiali
906 1024 966 1081 (n.
983 1035 1216 1077 1920-1924
1238 1031 1311 1073 [De
1324 1032 1410 1063 Am.
1433 1031 1551 1072 conj„
1568 1042 1602 1064 n.
1622 1025 1733 1080 430])·

422 1123 547 1176 Quod
566 1122 751 1163 similiter
770 1122 1031 1234 i)mmundum
1051 1122 1250 1162 ecclesiae
1271 1128 1311 1162 et
1330 1122 1531 1161 mundum
1553 1123 1640 1175 ejus
1660 1125 1717 1176 (n.
1735 1132 1959 1175 1925-1931
1980 1128 2053 1172 [De
2071 1130 2159 1164 Am.

509 1184 629 1226 coron,
644 1195 681 1218 n.
698 1184 775 1227 431]
800 1209 811 1218 .

422 1273 548 1326 Quod
571 1286 685 1314 amor
707 1273 966 1314 scortatorius
989 1273 1158 1314 incohet
1179 1286 1205 1313 a
1227 1285 1364 1322 carne,
1389 1279 1430 1314 et
1457 1286 1572 1313 amor
1601 1274 1844 1327 conjugialis
1874 1287 1898 1314 a
1926 1274 2067 1328 spiritu
2098 1275 2158 1331 (n.

499 1337 731 1390 1932-1938
751 1343 825 1386 [De
838 1345 925 1376 Am.
949 1344 1050 1384 Conj.
1061 1369 1070 1384 ,
1090 1354 1126 1376 ιι.
1144 1354 1219 1385 440,
1242 1337 1353 1392 4411)-

419 1434 546 1488 Quod
574 1448 690 1474 amor
716 1434 976 1475 scortatorius
1005 1434 1128 1474 faciat
1156 1434 1369 1474 hominem
1393 1447 1478 1474 non
1506 1433 1734 1483 hominem,
1757 1434 1885 1474 immo
1909 1434 2043 1474 virum
2071 1447 2158 1475 non

500 1497 653 1548 virum3
684 1504 727 1538 at
745 1498 859 1551 quod
877 1511 993 1538 arnor
1012 1498 1254 1552 conjugialis
1274 1498 1396 1538 faciat
1415 1498 1630 1538 hominem
1648 1498 1739 1551 plus
1761 1505 1800 1538 et
1821 1498 1913 1551 plus
1932 1499 2158 1547 hominem,

497 1561 625 1602 immo
645 1561 779 1601 virum
797 1562 890 1616 plus
909 1568 949 1601 et
968 1561 1061 1614 plus
1079 1562 1213 1602 virum
1236 1561 1296 1618 (n.
1313 1573 1546 1614 1939—1942
1567 1567 1640 1610 [De
1655 1570 1742 1602 Am.
1768 1568 1883 1608 conj„
1900 1579 1934 1600 n.
1955 1579 2028 1609 432,
2045 1562 2157 1616 433])·

417 1658 541 1712 Quod
567 1658 844 1712 jucunditates
867 1659 1015 1698 amoris
1038 1658 1265 1699 scortatorii
1290 1665 1385 1699 sunt
1407 1659 1642 1712 voluptates
1670 1659 1868 1709 insaniae,
1894 1665 1934 1699 et
1957 1659 2070 1712 quod
2094 1660 2158 1712 ju-

500 1723 731 1762 cunditates
757 1722 908 1762 amoris
933 1723 1177 1776 conjugialis
1200 1723 1280 1763 sint
1304 1722 1480 1763 deliciae
1508 1723 1734 1776 sapientiae
1758 1725 1816 1775 (n.
1835 1733 2064 1776 1943—1947
2087 1729 2160 1772 [De

498 1786 584 1817 Am.
611 1785 728 1825 Coml,
744 1795 780 1818 n.
798 1795 875 1832 442,
887 1780 1000 1834 443]).

418 1875 486 1914 De
507 1875 868 1928 correspondentia
890 1875 1183 1916 scortationum
1213 1882 1253 1916 et
1282 1876 1577 1916 adulteriorum
1601 1889 1695 1916 cum
1719 1876 1943 1917 violatione
1975 1877 2156 1931 conjugii

499 1938 729 1991 spiritualis,
750 1940 863 1992 quod
888 1946 948 1979 est
970 1940 1069 1979 boni
1094 1946 1134 1980 et
1156 1940 1243 1980 veri
1270 1939 1382 1996 (vide
1406 1940 1807 1996 correspondentia)
1833 1941 1894 1997 (n.
1917 1949 2159 1993 1950-2000

502 1999 576 2042 [De
589 2002 676 2034 Am.
699 2001 816 2041 conj„
833 2011 867 2034 n.
888 1995 1090 2051 515—52o]).

417 2090 544 2143 Quod
567 2090 768 2130 adulteria
791 2090 872 2131 sint
899 2090 1136 2141 infernalia3
1168 2091 1282 2131 varia
1307 2092 1420 2146 (vide
1442 2091 1842 2147 correspondenila)
1877 2093 1938 2147 (n.
1959 2103 2059 2145 1999
2083 2098 2157 2142 [De

496 2152 585 2185 Am.
608 2152 725 2192 Conj„
742 2163 776 2186 n.
792 2153 866 2193 356,
882 2164 956 2194 477,
974 2146 1086 2202 483]).

414 2242 483 2282 De
494 2242 688 2282 adulteris
701 2249 742 2283 et
757 2243 965 2283 adulteriis
980 2243 1024 2283 in
1037 2243 1210 2293 inferno,
1221 2244 1360 2298 aliqua
1373 2243 1435 2302 (n.
1449 2256 1558 2285 2000
1579 2250 1652 2294 [De
1661 2252 1747 2284 Am.
1772 2251 1888 2292 conj„
1900 2262 1935 2285 n.
1952 2262 2025 2292 500,
2042 2246 2153 2302 520]).

408 2337 477 2380 De
495 2338 577 2378 illis
596 2339 667 2392 qui
682 2340 870 2379 vixerunt
890 2347 983 2393 post
1000 2347 1175 2394 quatuor
1188 2341 1352 2381 saecula
1367 2341 1548 2394 antiqua,
1566 2341 1678 2394 quod
1698 2348 1834 2382 essent
1852 2348 2094 2382 scortatores
2114 2349 2155 2382 et

493 2402 668 2443 adulteri
691 2402 955 2460 (Memorab.,
975 2417 1018 2444 n.
1035 2415 1146 2457 2034
1165 2410 1237 2453 [De
1253 2412 1339 2445 Am.
1363 2411 1480 2452 Conj.,
1497 2423 1532 2444 n.
1550 2423 1603 2454 79,
1619 2404 1710 2461 80]).

412 2497 480 2538 De
507 2498 677 2539 infernis
705 2499 984 2540 adulterorum
1007 2500 1052 2540 in
1080 2500 1311 2550 occidente,
1340 2500 1411 2540 ubi
1446 2509 1643 2554 apparent
1677 2501 1782 2542 sicut
1805 2509 1949 2554 stagna
1983 2502 2091 2556 ignis
2115 2509 2154 2543 et

493 2562 699 2615 sulphuris
722 2562 989 2620 (fisemorabq
1013 2577 1054 2605 n.
1073 2575 1153 2616 203
1157 2573 1179 2616 5
1205 2570 1279 2614 [De
1292 2572 1379 2604 Am.
1403 2571 1521 2612 Conj„
1536 2582 1572 2605 n.
1592 2583 1643 2614 79,
1661 2564 1751 2622 80]).

273 2686 700 2741 Aeternum—Quod
728 2689 773 2729 in
802 2702 942 2730 amore
970 2703 1067 2730 vere
1096 2690 1319 2744 conjugiali
1348 2691 1398 2731 sit
1427 2698 1638 2731 aeternum
1671 2691 1731 2749 (n.
1759 2691 1951 2733 622-628
1976 2698 2048 2741 [De
2062 2701 2148 2732 Am.

497 2750 614 2791 conj„
630 2761 666 2784 n.
683 2752 737 2792 38,
753 2762 806 2791 44,
823 2763 897 2792 200,
912 2745 1026 2801 216]).

273 2861 539 2918 Affectio.—(
554 2863 652 2903 Vide
670 2863 794 2906 Amor
812 2863 855 2906 Ῐη
871 2865 1068 2921 genere.)

411 2932 536 2988 Quod
564 2936 645 2976 sint
671 2936 855 2976 infinitae
878 2936 1117 2978 affectiones
1147 2939 1298 2978 amoris
1320 2938 1434 2987 boni,
1461 2945 1500 2979 et
1521 2939 1705 2979 infinitae
1729 2938 1967 2980 affectiones
1996 2940 2148 2980 amoris

491 2999 591 3039 mali
610 3012 717 3053 quae
737 3006 831 3040 sunt
851 3002 1208 3054 concupiscentiae
1234 3002 1294 3058 (n.
1313 3002 1394 3053 766
1415 3008 1487 3051 [De
1503 3011 1587 3042 Am.
1610 3010 1729 3050 Conj„
1746 3020 1779 3042 n.
1798 3004 1911 3058 427])·

409 3095 534 3148 Quod
553 3095 793 3136 affectiones
815 3097 966 3137 amoris
985 3098 1240 3150 distinguunt
1263 3099 1451 3138 homines
1474 3099 1581 3139 inter
1599 3113 1664 3149 se3
1695 3099 1935 3140 affectiones
1955 3100 2053 3140 boni
2074 3100 2145 3140 bo-

489 3172 579 3208 nos,
599 3166 640 3200 et
659 3159 896 3201 affeffiones
911 3161 1011 3201 mali
1030 3162 1161 3202 malos
1185 3163 1244 3218 (n.
1263 3170 1285 3213 7
1292 3172 1454 3214 73-779
1476 3169 1549 3211 [De
1563 3170 1776 3210 Am.C0nj.‚
1792 3181 1827 3202 n.
1843 3162 1955 3219 427])·

409 3253 533 3306 Quod
553 3252 792 3294 affectiones
812 3255 962 3295 amoris
979 3255 1077 3295 boni
1099 3262 1139 3296 et
1159 3255 1397 3296 affeffiones
1418 3257 1567 3296 amoris
1587 3257 1687 3296 mali
1707 3257 1787 3297 sint
1806 3257 1990 3297 internae
2012 3264 2052 3297 et
2076 3271 2143 3298 ex-

487 3324 627 3357 ternae
649 3316 710 3374 (n.
729 3317 921 3370 780-784
935 3325 1010 3368 [De
1023 3327 1110 3359 Am.
1131 3326 1248 3366 conj„
1265 3337 1300 3359 n.
1318 3320 1428 3374 272]).

407 3412 532 3465 Quod
551 3411 789 3453 affectiones
811 3415 959 3454 amoris
983 3415 1167 3455 internae
1191 3422 1231 3456 et
1251 3422 1442 3455 externae
1466 3416 1577 3468 apud
1602 3417 1802 3469 quosdam
1828 3417 2079 3458 concordent
2102 3424 2142 3459 et

485 3488 614 3586 umssn
636 3483 772 3537 agant,
794 3483 835 3518 et
852 3478 964 3531 apud
987 3479 1190 3532 quosdam
1214 3479 1450 3519 discordent
1476 3479 1536 3535 (n.
1561 3479 1612 3530 78
1616 3479 1752 3532 5-802
1773 3485 1846 3528 [De
1860 3487 1948 3520 Am.
1970 3487 2086 3528 conj„
2103 3498 2138 3521 n.

490 3548 549 3578 272
593 3561 602 3571 ,

406 3628 531 3680 Quod
553 3641 685 3681 paene
714 3642 858 3669 omnes
887 3630 930 3669 in
953 3631 1112 3671 mundo
1134 3631 1308 3671 naturali
1332 3631 1489 3684 possint
1512 3632 1709 3685 conjungi
1732 3633 1835 3673 sicut
1855 3633 1978 3674 amici
2001 3634 2139 3687 quoad

486 3690 723 3731 affectiones
753 3699 952 3742 externas,
982 3695 1055 3734 sed
1083 3695 1205 3748 pauci
1233 3696 1370 3748 quoad
1400 3694 1637 3736 affeffiones
1666 3697 1844 3736 internas
1875 3699 1930 3751 (n.
1954 3697 2136 3750 803-813

487 3752 560 3794 [De
573 3754 658 3786 Am.
682 3753 798 3795 conj„
816 3765 850 3787 n.
869 3750 981 3803 ²72])·
