2496 4250
518 419 611 484 158
1037 431 1120 471 DE
1161 430 1333 471 NOVA
1374 430 1831 472 HIEROSOLYMA

510 570 574 623 (n
605 581 726 624 1919
753 569 881 625 2694
902 581 1030 625 4329
1060 580 1182 625 5122
1210 581 1334 625 5994
1358 570 1485 626 6058
1504 571 1778 624 6481-6486
1797 571 1924 627 6490
1945 582 2070 626 7004
2090 582 2216 626 7997
2239 571 2367 628 8717,

512 628 695 682 10074[?
720 629 900 682 10774];
932 630 1263 684 confirmatum
1287 645 1310 671 e
1330 631 1467 678 caelo,
1492 644 1536 673 n.
1560 630 1710 684 6486).

599 685 702 729 Nisi
719 687 1030 742 providentia
1046 687 1224 730 Divina
1241 687 1440 730 Domini
1457 687 1582 731 foret
1594 688 1881 732 universalis
1897 702 1956 732 ex
1972 688 2368 746 singularissimis

507 752 556 787 et
580 744 627 786 in
652 745 1064 801 singularissimis,
1089 747 1223 811 quod
1248 746 1369 788 nihil
1394 747 1658 790 subsistere
1682 756 1849 802 posset
1876 750 1940 801 (n.
1964 747 2114 802 6338).

596 802 742 869 Quod
778 817 863 859 per
897 803 944 846 id
978 805 1145 847 omnia
1177 804 1417 860 disposita
1449 805 1547 847 sint
1581 805 1628 847 in
1662 805 1900 856 ordinem,
1935 814 1984 848 et
2020 813 2283 848 teneantur
2320 806 2368 849 in

506 862 727 910 ordine,
718 876 765 904 1n
789 862 1039 904 communi
1064 872 1113 905 et
1137 863 1184 904 in
1214 871 1351 918 parte
1378 865 1441 918 (n.
1465 864 1614 918 6338).

595 919 862 977 Quomodo
878 922 1211 976 comparative
1231 935 1282 964 se
1303 922 1451 964 habet
1469 935 1578 964 cum
1602 936 1712 978 rege
1737 922 1784 964 in
1808 931 1938 965 terra
1961 924 2027 975 (n.
2045 922 2173 975 6482,
2195 922 2368 976 10800).

595 978 742 1035 Quod
767 979 964 1034 propria
988 980 1248 1035 prudentia
1271 979 1485 1022 hominis
1508 981 1572 1023 sit
1594 981 1721 1023 sicut
1745 994 1927 1036 paucus
1950 994 2153 1037 grumus
2187 981 2235 1023 in
2259 981 2367 1024 uni-

504 1051 660 1149 gegsp,
685 1046 735 1080 at
769 1037 1080 1094 providentia
1114 1038 1296 1081 Divina
1327 1039 1455 1081 sicut
1489 1038 1647 1094 ipsum
1681 1040 1963 1082 universum
1998 1038 2266 1095 respective
2302 1041 2367 1095 (n.

594 1153 740 1211 Quod
766 1154 833 1198 ita
851 1155 914 1198 sit
931 1155 1063 1212 quod
1088 1155 1314 1199 homines
1332 1169 1474 1213 aegre
1491 1156 1688 1212 capiant
1707 1156 1755 1198 in
1775 1156 1961 1199 mundo
1983 1157 2046 1210 (n.
2066 1156 2193 1209 8717,
2215 1151 2376 1212 10775,'

510 1214 684 1266 10780).

503 1330 530 1372 6
564 1271 841 1372 8Quoniam
875 1272 1037 1329 plures
1060 1272 1279 1316 fallaciae
1303 1273 1607 1330 impugnant,
1632 1281 1681 1316 et
1712 1273 2000 1316 caecitatem
2029 1273 2274 1316 inducunt
2302 1274 2368 1330 (n.

532 1342 561 1383 4
599 1332 652 1384 1).

595 1389 668 1432 De
701 1390 917 1445 quodam
958 1389 1005 1432 in
1039 1390 1192 1432 altera
1222 1389 1338 1439 vita,
1373 1389 1454 1446 qui
1489 1390 1765 1433 crediderat
1807 1404 1867 1433 ex
1904 1389 2280 1434 confirmatione
2317 1390 2367 1433 in

504 1448 691 1490 mundo
707 1448 874 1490 omnia
893 1449 1117 1504 propriae
1137 1448 1425 1504 prudentiae
1441 1462 1559 1497 esse,
1577 1457 1626 1491 et
1642 1449 1762 1491 nihil
1782 1449 2122 1505 providentiae
2143 1448 2366 1500 Divinae,

503 1506 635 1563 quod
662 1507 743 1549 illa
764 1520 890 1563 quae
911 1507 1042 1563 apud
1066 1521 1177 1550 eum
1201 1507 1516 1563 apparuerint
1540 1507 1796 1551 infernalia
1822 1510 1886 1563 (n.
1909 1507 2060 1562 6484).

594 1620 914 1664 Providentia
937 1621 1137 1664 Domini
1168 1621 1297 1664 circa
1320 1621 1460 1671 mala,
1484 1622 1641 1678 qualis
1667 1623 1731 1677 (n.
1754 1621 1882 1675 6481,
1905 1621 2034 1677 6495,
2057 1621 2185 1677 6574,
2214 1611 2371 1675 10777,

509 1680 738 1795 Πηξέἓπῐ
773 1739 901 1781 mala
933 1752 1019 1794 per
1040 1738 1173 1795 leges
1207 1738 1543 1794 permissionis
1577 1747 1812 1795 regantur
1833 1752 1861 1782 a
1894 1738 2125 1789 Domino,
2149 1746 2199 1782 et
2231 1738 2365 1795 quod

502 1797 852 1852 permittantur
875 1805 1075 1853 propter
1097 1798 1321 1839 ordinem
1349 1799 1412 1853 (n.
1438 1797 1564 1850 8700,
1595 1797 1767 1850 10778).

593 1855 857 1898 Permissio
881 1855 993 1898 mali
1022 1869 1050 1897 a
1078 1855 1309 1905 Domino,
1334 1856 1467 1912 quod
1493 1870 1591 1898 non
1619 1857 1682 1899 sit
1709 1864 1763 1898 ut
1788 1856 2025 1906 volentis;
2058 1856 2143 1899 sed
2177 1863 2232 1899 ut
2265 1869 2364 1899 non

500 1914 727 1980 volentis,
751 1923 802 1956 at
829 1915 911 1970 qui
939 1914 1174 1956 auxilium
1203 1914 1327 1957 ferre
1355 1928 1452 1957 non
1482 1922 1658 1971 potest,
1683 1922 1888 1972 urgente
1921 1914 2030 1966 fine,
2055 1914 2138 1971 qui
2165 1922 2241 1958 est
2272 1914 2365 1958 sal-

500 1974 900 2087 vatllgeiilngizigg.
928 2031 1116 2074 homini
1155 2045 1215 2074 ex
1252 2045 1343 2074 suo
1380 2031 1535 2075 libero
1572 2032 1789 2088 cogitare
1831 2039 1881 2075 et
1923 2032 2047 2075 velle
2085 2031 2282 2082 malum,
2315 2039 2366 2075 et

499 2098 738 2146 quantum
765 2104 861 2133 non
888 2090 1021 2147 leges
1043 2099 1228 2140 vetant,
1253 2089 1424 2140 facere,
1450 2091 1583 2146 quod
1609 2091 1672 2133 sit
1696 2091 1982 2157 permittere
2007 2093 2071 2146 (n.
2102 2090 2275 2145 10778).

593 2148 758 2205 (Quod
779 2150 961 2205 absque
981 2149 1147 2198 libero,
1169 2149 1236 2192 ita
1257 2151 1441 2205 absque
1462 2149 1542 2191 illa
1565 2149 1900 2216 permissione,
1921 2149 2072 2192 homo
2096 2162 2195 2192 non
2214 2148 2364 2192 refor-

500 2208 633 2257 mari,
656 2208 723 2250 ita
747 2222 844 2250 non
869 2208 1044 2251 salvari
1070 2208 1240 2264 possit,
1259 2209 1486 2251 videatur
1508 2222 1656 2264 supra
1680 2209 1727 2250 in
1754 2207 1992 2251 Doctrina
2013 2209 2088 2250 De
2108 2208 2292 2258 Lzbero,
2316 2221 2363 2251 n.

504 2278 615 2318 141—
624 2267 738 2321 149)

582 2379 729 2437 Quod
761 2379 977 2423 Domino
1005 2380 1068 2422 sit
1101 2379 1414 2436 providentia
1440 2387 1489 2423 et
1522 2379 1872 2436 praevidentia,
1896 2387 1946 2423 et
1972 2379 2106 2436 quod
2139 2391 2238 2422 una
2262 2391 2363 2422 non

497 2439 560 2482 sit
583 2440 767 2494 absque
790 2439 943 2481 altera
968 2440 1032 2493 (n.
1061 2449 1183 2494 5195,
1209 2439 1360 2493 6489).
2372 2490 2375 2493 .

587 2496 733 2554 Quod
768 2511 795 2540 a
830 2497 1046 2539 Domino
1070 2497 1386 2552 provideatur
1407 2498 1592 2540 bonum
1626 2505 1675 2540 et
1708 2496 2051 2553 praevideatur
2077 2496 2259 2539 malum
2294 2496 2363 2552 (n.

501 2566 624 2611 5155,
653 2566 776 2610 5195,
802 2556 929 2611 6489,
959 2555 1132 2610 10781)-

634 2657 731 2698 uod
757 2670 856 2698 non
881 2655 944 2698 sit
968 2656 1352 2712 praedestinatio
1375 2670 1460 2699 seu
1486 2655 1640 2698 fatum
1667 2656 1732 2710 (n.
1757 2655 1908 2708 6487).

634 2715 731 2758 uod
756 2729 928 2758 omnes
952 2715 1301 2771 praedestinati
1325 2715 1425 2758 sint
1447 2715 1508 2757 ad
1532 2715 1734 2763 caelum,
1760 2723 1809 2757 et
1832 2714 1996 2756 nullus
2018 2713 2079 2756 ad
2116 2712 2362 2756 infernum

500 2776 564 2828 (n.
588 2774 739 2890 ἓξὲξ
759 2846 858 2875 non
882 2832 946 2875 sit
968 2832 1132 2888 aliqua
1150 2832 1414 2875 necessitas
1433 2832 1660 2874 absoluta
1678 2832 1810 2887 apud
1837 2830 2088 2873 hominem
2114 2844 2174 2874 ex
2197 2830 2362 2886 provi-

497 2891 677 2940 dentia,
703 2891 788 2934 sed
822 2891 957 2947 quod
991 2891 1053 2934 sit
1088 2891 1232 2946 plena
1259 2891 1458 2934 libertas
1487 2891 1804 2945 (illustratum
1828 2894 1922 2946 per
1947 2892 2359 2945 comparationem,

497 2964 541 2992 n·
566 2950 727 3066 ὁῷἶίξξ]
754 3022 840 3064 per
858 3007 1078 3051 “electos
1093 3008 1116 3022 '’
1142 3008 1188 3050 in
1208 3008 1372 3051 Verbo
1392 3007 1729 3064 intelligantur
1747 3007 1830 3063 qui
1855 3007 1902 3050 in
1921 3007 2023 3050 vita
2037 3007 2155 3050 boni
2174 3014 2223 3050 et
2247 3006 2361 3050 inde

495 3068 597 3110 veri
622 3075 737 3110 sunt
764 3068 828 3121 (n.
855 3077 980 3121 3755,
1007 3080 1132 3121 3900,
1162 3078 1284 3121 5057,
1313 3067 1459 3121 5058).

586 3124 853 3183 Quomodo
891 3125 1266 3182 intelligendum
1305 3134 1379 3168 est
1417 3125 1549 3181 quod
1586 3124 1762 3168 “Deus
1799 3138 2054 3168 occurrere
2092 3124 2264 3168 fecerit
2297 3123 2359 3167 ad

497 3198 711 3234 manum,
718 3184 741 3198 ’'
764 3185 917 3227 Exod.
941 3184 1036 3227 xxi.
1067 3197 1116 3238 13
1147 3190 1211 3238 (n.
1236 3185 1385 3239 9010).

585 3295 731 3354 Quod
757 3295 964 3345 fortuna,
984 3309 1108 3352 quae
1133 3295 1178 3338 in
1206 3295 1408 3338 multis
1399 3309 1444 3337 in
1471 3295 1656 3338 mundo
1675 3303 1877 3350 apparet
1896 3295 2143 3344 mirabilis,
2162 3294 2225 3338 sit
2243 3307 2360 3351 ope·

496 3355 621 3398 ratio
647 3355 854 3397 Divinae
879 3355 1218 3410 providentiae
1248 3355 1294 3396 in
1323 3355 1497 3396 ultimo
1521 3354 1720 3401 ordinis,
1746 3354 2015 3396 secundum
2037 3355 2179 3409 quale
2202 3362 2360 3397 status

496 3413 737 3461 hominis;
773 3421 821 3455 et
847 3414 977 3469 quod
1010 3413 1090 3455 illa
1118 3413 1272 3468 possit
1299 3426 1404 3455 esse
1427 3412 1789 3455 confirmationi
1818 3413 1951 3467 quod
1984 3412 2165 3455 Divina
2196 3412 2358 3468 provi-

497 3472 666 3515 dentia
688 3472 751 3514 sit
776 3472 822 3513 in
847 3472 1068 3514 omnium
1093 3471 1492 3527 singularissimis
1519 3472 1581 3525 (n.
1612 3481 1733 3524 5049,
1763 3480 1885 3524 5179,
1910 3471 2037 3524 6493,
2062 3470 2212 3524 6494).

586 3530 730 3587 Quod
757 3530 820 3573 sit
843 3544 901 3572 ex
926 3530 1111 3572 mundo
1131 3529 1383 3585 spirituali,
1403 3538 1451 3572 et
1469 3530 1599 3586 quod
1622 3528 1734 3572 inde
1753 3529 1858 3584 ejus
1876 3529 2172 3573 variationes
2192 3530 2357 3584 (etiam

496 3589 553 3631 ab
576 3591 889 3644 experientia,
914 3603 958 3632 n.
986 3599 1110 3644 5179,
1134 3589 1261 3643 6493,
1285 3588 1436 3643 6494).
