2496 4250
403 442 470 508 36

860 453 1152 494 CANONES
1191 453 1406 495 NOVAE
1446 454 1803 496 ECCLESIAE.

509 606 554 657 3.
610 590 776 658 Quod
805 593 922 659 ipse
950 592 1074 643 finis
1107 593 1381 644 ecclesiae
1414 594 1486 644 sit
1517 593 1857 660 “plenitudo
1889 592 2262 662 [temporis].”

503 685 553 734 4.
609 669 775 735 Quod
804 672 974 721 etiam
1007 670 1207 720 similia
1237 671 1293 720 in
1322 670 1514 721 Verbo
1546 671 1938 738 intelligantur
1964 690 2062 739 per
2086 677 2259 724 “ves-

755 765 944 815 peram
962 748 985 767 '’
1013 757 1070 799 et
1108 746 1430 799 “noetemff’

510 838 555 893 5.
608 826 687 878 Et
728 844 949 894 quoque
989 843 1086 892 per
1118 827 1258 878 haec
1298 827 1445 894 apud
1483 827 1799 893 Prophetas
1826 835 1885 879 et
1923 827 2259 895 Evangelis-

752 913 842 956 tas
863 924 883 955 .·

839 1031 862 1047 “
877 1029 1001 1069 Tunc
1023 1030 1090 1069 sol
1113 1031 1430 1078 obscurabitur,
1453 1031 1559 1070 luna
1581 1044 1670 1070 non
1693 1032 1813 1070 dabit
1834 1031 1974 1071 lucem
1999 1044 2137 1080 suam,
2159 1033 2264 1072 stel-

947 1085 1014 1123 lae
1044 1085 1204 1123 cadent
1233 1085 1287 1123 de
1318 1085 1454 1132 caelo,
1481 1093 1523 1124 et
1552 1086 1738 1125 virtutes
1760 1086 1981 1124 caelorum
2012 1097 2264 1125 commove-

946 1139 1145 1177 buntur''
1170 1137 1367 1190 [(ΜαίίΙι.
1383 1140 1500 1179 xxiv.
1519 1149 1594 1190 29:
1620 1140 1742 1179 Esai.
1760 1140 1847 1179 xiii.
1868 1151 1939 1180 10:
1961 1140 2110 1180 Ezech.
2127 1141 2261 1180 xxxii.

948 1202 996 1241 7:
1024 1193 1125 1245 Joel
1143 1194 1184 1232 ii.
1207 1204 1280 1241 1o;
1311 1194 1366 1232 iii.
1384 1205 1410 1242 4
1435 1200 1548 1243 [ΒΛ.
1565 1203 1603 1236 ii.
1618 1200 1697 1243 31];
1729 1195 1784 1234 iv,
1802 1200 1916 1244 [ΒΛ.
1931 1200 1999 1244 iii.]
2020 1204 2066 1243 15
2087 1208 2096 1235 :
2132 1196 2263 1233 Amos

947 1260 988 1287 v.
1011 1258 1088 1296 20;
1120 1248 1207 1287 viii.
1229 1260 1277 1299 9:
1309 1249 1447 1288 splarc.
1468 1249 1556 1288 xiii.
1579 1259 1655 1297 24:
1689 1249 1791 1288 Luc.
1813 1249 1900 1288 xxi.
1923 1246 2027 1300 25)].

507 1377 557 1429 6.
615 1376 782 1445 Quod
832 1386 967 1429 tunc
1006 1395 1119 1429 non
1165 1378 1401 1445 amplius
1447 1379 1519 1430 sit
1570 1378 1826 1438 ecclesia,
1869 1379 2039 1430 modo
2077 1379 2262 1446 quoad

757 1474 998 1520 nomen;
1047 1457 1147 1508 sed
1187 1458 1337 1524 quod
1377 1475 1549 1524 usque
1588 1458 1695 1508 hoc
1736 1457 2017 1508 residuum
2057 1459 2129 1509 sit
2168 1459 2260 1517 ibi,

755 1537 905 1603 quod
945 1535 1118 1586 homo
1157 1537 1335 1602 possit
1382 1537 1522 1587 scire
1567 1543 1625 1587 et
1669 1535 1990 1603 intelligere
2028 1553 2159 1588 vera
2197 1553 2261 1588 ac

755 1614 937 1665 facere
969 1614 1119 1665 bona
1152 1615 1196 1664 si
1227 1613 1384 1664 velit.

984 2051 1247 2104 CAPUT
1301 2050 1698 2118 QUINTUM.

409 2246 596 2314 QUOD
631 2259 699 2298 IN
732 2247 891 2299 FINE
923 2247 1276 2299 ECCLESIAE
1309 2259 1577 2300 TOTALIS
1611 2249 1964 2300 DAMNATIO
1999 2261 2264 2300 HOMINI-

619 2337 731 2378 BUS
769 2337 838 2377 IN
864 2337 1091 2378 TERRIS
1129 2338 1210 2377 ET
1248 2337 1520 2378 ANGELIS
1560 2338 1628 2377 IN
1666 2339 1887 2380 CAELIS
1924 2340 2266 2379 IMMINEAT.

521 2493 563 2529 1.
621 2477 790 2543 Quod
822 2479 1005 2529 omnis
1043 2477 1217 2529 homo
1256 2479 1327 2529 sit
1366 2479 1421 2529 in
1454 2478 1779 2546 aequilibrio
1812 2479 1960 2546 quod
1995 2487 2082 2531 est
2121 2480 2269 2531 inter

534 2556 535 2559 ’
762 2557 981 2608 caelum
1014 2565 1072 2608 et
1105 2557 1396 2618 infernum,
1431 2565 1488 2608 et
1522 2558 1651 2608 inde
1683 2559 1736 2608 in
1771 2558 1945 2609 libero
1977 2556 2268 2625 speetandi

763 2643 822 2687 et
855 2653 913 2686 se
945 2636 1204 2686 vertendi
1235 2635 1325 2686 vel
1357 2636 1428 2686 ad
1461 2635 1678 2686 caelum
1712 2636 1801 2687 vel
1835 2638 1904 2686 ad
1938 2637 2227 2686 infernum.

517 2729 565 2767 2.
622 2713 791 2779 Quod
818 2715 1000 2765 omnis
1034 2714 1206 2765 homo
1233 2721 1364 2781 post
1397 2722 1639 2764 mortem
1667 2715 1721 2764 in
1750 2715 1856 2765 hoc
1885 2715 2268 2781 aequilibrium

763 2794 1001 2859 primum
1035 2791 1288 2854 [¹]veniat,
1319 2800 1376 2844 et
1410 2793 1486 2843 sic
1521 2793 1575 2842 in
1608 2792 1846 2844 similem
1875 2801 2089 2844 statum
2116 2794 2268 2845 vitae

763 2873 818 2922 in
851 2889 961 2938 quo
989 2872 1089 2923 fuit
1122 2873 1176 2922 in
1210 2872 1436 2922 mundo.

520 2966 566 3018 3.
618 2951 787 3019 Quod
819 2950 898 3000 illi
930 2951 1020 3017 qui
1053 2952 1107 3001 in
1140 2950 1351 3001 mundo
1378 2948 1774 3017 speetaverunt
1807 2958 1864 3001 et
1893 2968 1952 3001 se
1978 2957 2271 3002 verterunt

763 3029 836 3079 ad
881 3028 1100 3079 caelum
1144 3028 1234 3079 vel
1280 3028 1351 3079 ad
1402 3028 1693 3088 infernum,
1729 3028 2095 3080 consimiliter
2139 3037 2269 3094 post

765 3115 1008 3158 mortem
1041 3105 1301 3173 spthent
1333 3114 1391 3158 et
1424 3124 1483 3156 se
1515 3114 1760 3157 vertant.

517 3201 567 3250 4.
621 3185 791 3251 Quod
840 3186 895 3235 in
941 3184 1049 3236 fine
1100 3185 1391 3246 ecclesiae,
1445 3185 1577 3234 dum
1628 3186 1887 3251 potentia
1934 3184 2066 3235 mali
2115 3184 2271 3235 valet

766 3280 932 3330 super
963 3265 1281 3330 potentiam
1313 3263 1462 3323 boni,
1498 3262 1605 3313 hoc
1639 3263 2021 3329 aequilibrium
2054 3263 2271 3314 disten-

767 3342 933 3392 datur
959 3349 1017 3392 et
1046 3341 1344 3408 impleatur
1369 3358 1402 3391 a
1429 3341 1590 3391 malis
1617 3342 1708 3408 qui
1736 3341 1952 3392 alluunt
1981 3358 2011 3391 e
2044 3341 2270 3392 mundo,

527 3431 571 3486 5.
628 3419 798 3485 Quod
837 3421 966 3471 inde
1006 3420 1142 3471 illud
1183 3420 1564 3487 aequilibrium
1606 3420 1729 3486 plus
1767 3427 1826 3470 et
1865 3419 1988 3486 plus
2021 3419 2275 3470 elevetur

768 3516 960 3549 versus
999 3498 1236 3558 caelum,
1278 3506 1335 3549 et
1376 3498 1682 3549 secundum
1722 3498 2271 3564 approximationem

770 3575 1043 3628 1²¹infestet
1075 3576 1312 3643 angelos
1344 3577 1434 3627 ibi.

505 3655 574 3707 -6.
633 3654 800 3721 Quod
829 3672 1024 3706 omnes
1056 3655 1136 3705 illi
1168 3656 1259 3722 qui
1291 3656 1345 3705 in
1378 3654 1605 3706 elevato
1637 3654 1734 3706 illo
1765 3654 2091 3722 aequilibrio
2118 3660 2268 3713 sunt,

772 3734 1003 3789 interius
1031 3734 1143 3785 sint
1171 3732 1469 3785 infernales
1498 3741 1554 3784 et
1582 3733 1831 3784 exterius
1865 3731 2123 3783 morales,
