2496 4250
2 1138 23 1176 --ι
0 675 30 1097 :jvnaeivvgq-ffiqsf-
3 622 13 629 ·-
7 543 9 545 ·

582 448 661 488 ET
700 447 838 500 EJUS
878 446 1207 487 DOCTRINA
1245 446 1699 487 CAELEST1.-—N.
1738 450 1849 502 199.
2043 444 2138 494 119

369 585 516 645 Quod
550 594 779 630 externus
806 599 891 629 seu
920 585 1158 630 naturalis
1190 585 1342 629 homo
1369 599 1454 642 per
1475 585 1776 629 tentationes
1799 585 2001 642 recipiat
2023 599 2139 628 vera

278 645 715 702 correspondentia
745 643 994 688 affectioni
1027 658 1196 688 eorum
1231 646 1280 687 in
1315 645 1508 688 interno
1535 658 1620 688 seu
1648 644 1889 701 spirituali
1924 644 2136 692 homine,

281 706 344 758 (n.
370 716 495 758 3321,
520 703 667 759 3928).

366 761 512 820 Quod
538 761 758 805 internus
780 761 1046 818 spiritualis
1070 762 1222 805 homo
1246 776 1331 818 per
1351 762 1652 805 tentationes
1675 761 1932 818 aperiatur,
1950 769 1999 804 et
2021 774 2139 804 con-

275 820 362 877 jun
399 829 511 863 atur
531 833 641 864 cum
676 828 894 870 externo,
921 829 975 862 ut
1010 821 1159 863 horno
1192 821 1356 877 quoad
1391 828 1654 876 utrumque
1681 819 1860 863 elevari
1895 819 2062 876 possit,
2087 828 2137 862 et

275 892 361 935 spe
413 892 494 922 are
515 879 576 921 ad
603 878 870 921 Dominum
897 879 961 932 (n.
991 879 1174 934 10865[?
1204 879 1396 934 10685]).

364 935 525 981 Causa
549 937 682 993 quod
713 937 933 980 internus
961 937 1229 993 spiritualis
1258 937 1409 980 homo
1444 951 1528 993 per
1549 937 1850 980 tentationes
1878 945 1926 980 et
1952 936 2139 992 aperia-

222 988 228 990 “
273 1003 355 1038 tur
375 1003 425 1038 et
446 996 775 1052 conjungatur
797 1009 907 1038 cum
935 1005 1152 1045 externo,
1172 1004 1247 1039 est
1273 996 1390 1052 quia
1419 995 1663 1038 Dominus
1690 997 1750 1038 ab
1776 995 1994 1038 interiori
2022 994 2137 1051 agit,

274 1067 331 1097 ac
354 1053 513 1096 influit
537 1054 650 1097 inde
675 1054 721 1096 in
745 1062 1017 1103 externum,
1040 1068 1095 1097 ac
1119 1063 1340 1097 removet
1364 1054 1428 1097 ibi
1452 1063 1500 1097 et
1524 1055 1756 1111 subjugat
1783 1054 1923 1104 mala,
1948 1067 2003 1097 ac
2025 1066 2137 1096 cum

275 1112 368 1156 illis
391 1113 588 1169 subjicit
611 1121 660 1156 et
682 1113 971 1156 subordinat
994 1127 1103 1156 eum
1133 1113 1327 1156 interno
1354 1117 1418 1168 (n.
1447 1113 1620 1168 10685).

362 1229 509 1289 Quod
546 1231 847 1274 tentationes
882 1231 980 1275 sint
1023 1239 1224 1287 propter
1261 1229 1664 1286 conjunctionem
1708 1230 1825 1273 boni
1862 1238 1911 1272 et
1944 1228 2060 1278 veri,
2088 1237 2139 1272 et

275 1297 476 1346 propter
491 1290 846 1333 diScussionem
870 1289 1102 1332 falsorum
1127 1289 1502 1332 adhaerentium
1521 1289 1649 1332 veris
1668 1297 1717 1331 et
1740 1288 1882 1331 bonis
1905 1290 1967 1342 (n.
1986 1289 2137 1343 4572).

364 1347 440 1392 Ita
461 1349 594 1405 quod
620 1362 705 1404 per
726 1348 1027 1391 tentationes
1050 1347 1380 1405 conjungatur
1402 1349 1586 1390 bonum
1609 1347 1737 1390 veris
1763 1350 1826 1402 (n.
1853 1348 2000 1400 2272).

362 1405 508 1464 Quod
526 1420 642 1450 vasa
664 1407 949 1462 recipientia
962 1407 1064 1449 veri
1088 1420 1174 1463 per
1190 1407 1491 1450 tentationes
1510 1406 1836 1455 emolliantur,
1853 1419 1909 1448 ac
1928 1405 2137 1447 induant

273 1473 456 1509 statum
485 1465 750 1522 recipiendi
774 1466 957 1508 bonum
984 1467 1049 1520 (n.
1075 1466 1222 1520 3318).

363 1522 510 1581 Quod
532 1538 648 1568 vera
669 1533 719 1567 et
742 1525 871 1567 bona
893 1537 978 1580 per
1000 1524 1302 1567 tentationes
1321 1523 1676 1567 confirmentur
1697 1532 1746 1566 et
1770 1522 2137 1579 implantentur,

275 1581 344 1626 ita
367 1583 448 1626 illa
469 1596 594 1639 quae
619 1583 731 1626 fidei
755 1591 804 1626 et
827 1582 1080 1625 charitatis
1104 1591 1220 1626 sunt
1246 1585 1310 1638 (n.
1336 1583 1462 1638 8351,
1487 1582 1614 1637 8924,
1641 1582 1766 1637 8966,
1793 1581 1942 1636 8967).

369 1641 431 1684 Et
453 1642 586 1698 quod
621 1642 748 1684 mala
770 1650 819 1684 et
851 1641 973 1684 falsa
1005 1651 1363 1692 removeantur,
1387 1650 1437 1684 et
1468 1642 1538 1685 sic
1570 1642 1707 1684 locus
1741 1642 1885 1683 detur
1910 1640 2053 1684 bonis
2091 1650 2139 1684 et

275 1699 403 1744 veris
429 1701 493 1755 (n.
518 1701 667 1754 7122).

364 1757 511 1816 Quod
535 1773 622 1815 per
637 1759 937 1802 tentationes
957 1758 1288 1816 infringantur
1304 1772 1496 1802 amores
1514 1759 1589 1802 sui
1612 1766 1661 1802 et
1680 1758 1864 1809 mundi,
1884 1772 1943 1802 ex
1962 1758 2138 1815 quibus

274 1816 442 1861 omnia
467 1818 595 1860 mala
619 1827 669 1860 et
692 1817 813 1860 falsa
838 1819 902 1873 (n.
931 1818 1077 1872 5356).
1368 1844 1370 1847 f

366 1876 428 1919 Et
450 1877 582 1932 quod
608 1876 678 1920 sic
700 1877 853 1919 homo
877 1876 1165 1920 humilietur
1189 1878 1253 1932 (n.
1279 1876 1405 1931 8966,
1430 1876 1579 1931 8967).

363 1933 509 1992 Quod
554 1935 681 1978 mala
722 1943 772 1978 et
806 1934 936 1985 ‚falsa
978 1949 1064 1991 per
1098 1935 1402 1978 tentationes
1445 1936 1723 1984 domentur,
1757 1943 2055 1991 separentur,
2090 1944 2139 1978 et

274 2002 634 2043 removeantur,
659 1994 744 2037 sed
770 2007 867 2036 non
891 1995 1182 2036 aboleantur
1206 1996 1270 2048 (n.
1295 1994 1415 2046 868).

363 2050 510 2110 Quod
535 2066 620 2108 per
636 2052 939 2095 tentationes
963 2053 1229 2096 domentur
1250 2065 1499 2109 corporea,
1520 2060 1569 2095 et
1592 2065 1762 2096 eorum
1786 2052 2139 2109 concupiscen-

271 2110 371 2154 tiae
400 2112 465 2166 (n.
489 2111 587 2166 857,
611 2110 738 2166 858[?
762 2111 902 2165 868]).

364 2167 511 2227 Quod
547 2170 698 2212 homo
737 2183 823 2226 per
860 2170 964 2213 illas
1007 2170 1164 2213 discat
1202 2170 1321 2226 quid
1365 2170 1551 2213 bonum
1590 2178 1640 2213 et
1675 2183 1860 2220 verum,
1889 2169 2038 2213 etiam
2077 2183 2136 2213 ex

273 2227 509 2271 relatione
532 2228 594 2271 ad
617 2228 857 2284 opposita,
881 2242 1005 2284 quae
1028 2237 1143 2271 sunt
1167 2229 1294 2271 mala
1316 2236 1365 2271 et
1387 2228 1508 2271 falsa
1534 2230 1597 2283 (n.
1625 2239 1644 2283 5
1652 2241 1676 2283 3
1684 2229 1770 2283 56).

361 2285 508 2344 Quod
536 2286 685 2329 etiam
714 2287 872 2330 discat
905 2288 1038 2343 quod
1071 2288 1200 2343 apud
1234 2301 1285 2330 se
1313 2301 1412 2330 non
1446 2287 1510 2330 sit
1538 2287 1629 2330 nisi
1656 2301 1804 2343 quam
1833 2287 2043 2337 malum;
2088 2296 2138 2330 et

272 2345 405 2401 quod
449 2358 596 2388 omne
629 2346 813 2388 bonum
847 2346 980 2402 quod
1014 2346 1144 2402 apud
1189 2346 1339 2396 illum,
1373 2346 1436 2389 sit
1468 2359 1497 2389 a
1530 2345 1761 2396 Domino,
1796 2355 1845 2389 et
1881 2359 1940 2389 ex
1977 2345 2138 2402 Ipsius

273 2403 609 2447 misericordia
634 2405 697 2458 (n.
724 2405 872 2459 2334).

361 2513 508 2573 Quod
536 2514 687 2558 homo
715 2529 801 2572 per
820 2516 1121 2559 tentationes
1149 2516 1196 2558 in
1221 2515 1398 2572 quibus
1420 2515 1588 2566 vincit,
1613 2516 1727 2558 mali
1755 2516 1955 2572 spiritus
1977 2516 2137 2573 depri-

274 2582 455 2617 ventur
475 2574 698 2630 potentia
725 2574 930 2618 ulterius
953 2583 1125 2617 contra
1147 2575 1282 2617 illum
1305 2574 1482 2631 agendi
1511 2576 1574 2630 (n.
1604 2575 1726 2630 1695,
1757 2575 1901 2629 1717).

362 2631 509 2690 Quod
539 2632 729 2676 inferna
754 2641 926 2675 contra
949 2633 1057 2676 illos
1084 2633 1167 2689 qui
1194 2633 1497 2677 tentationes
1530 2634 1658 2690 passi
1686 2642 1802 2677 sunt
1827 2642 1876 2676 et
1898 2633 2135 2683 vicerunt,

272 2704 372 2734 non
396 2691 560 2735 ausint
582 2705 842 2748 exsurgere
869 2694 932 2747 (n.
958 2691 1083 2747 2183,
1109 2692 1259 2746 8273).

361 2799 507 2859 Quod
543 2810 656 2857 post
676 2802 991 2851 tentationes,
1016 2803 1064 2845 in
1091 2802 1268 2859 quibus
1295 2803 1448 2845 homo
1470 2803 1602 2852 vicit,
1626 2803 1689 2845 sit
1711 2803 1945 2860 gaudium
1970 2803 2137 2845 oriun-

273 2860 389 2903 dum
408 2874 468 2903 ex
483 2859 832 2916 conjuntstione
856 2861 971 2903 boni
990 2870 1039 2904 et
1053 2861 1168 2911 veri,
1184 2861 1381 2904 tametsi
1405 2861 1556 2904 homo
1575 2863 1731 2904 nescit
1749 2863 1881 2917 quod
1900 2862 2135 2918 gaudium

272 2927 391 2962 tunc
411 2918 524 2962 inde
547 2919 610 2962 sit
636 2921 700 2974 (n.
723 2930 852 2974 4572,
877 2920 1029 2974 6829).

361 2976 509 3035 Quod
542 2986 664 3020 tunc
702 2978 965 3021 illustratio
999 2978 1100 3021 veri
1137 2979 1271 3034 quod
1305 2978 1433 3028 fidei,
1470 2986 1519 3022 et
1557 2979 1806 3035 perceptio
1846 2978 1963 3021 boni
2002 2979 2134 3035 quod

273 3035 455 3079 amoris
481 3037 546 3090 (n.
571 3036 697 3090 8367,
724 3037 871 3092 8370).

410 3095 510 3137 uod
534 3094 648 3138 inde
671 3095 714 3138 ei
739 3095 1066 3152 intelligentia
1088 3104 1137 3138 et
1159 3095 1401 3151 sapientia
1427 3097 1490 3150 (n.
1519 3096 1646 3151 8966,
1671 3096 1819 3150 8967).

411 3153 509 3196 11οᾱ
532 3166 648 3196 vera
671 3162 785 3209 post
805 3155 1103 3197 tentationes
1129 3154 1424 3197 immensum
1449 3163 1674 3197 crescant
1701 3156 1763 3209 (n.
1787 3154 1937 3208 6663).

363 3211 424 3254 Et
439 3211 571 3267 quod
595 3212 778 3255 bonum
803 3212 983 3268 primas
998 3222 1124 3269 agat,
1140 3226 1223 3256 seu
1248 3213 1407 3268 primo
1426 3213 1536 3256 1000
1561 3212 1636 3262 sit,
1654 3227 1710 3255 ac
1725 3226 1895 3255 verum
1919 3213 2136 3256 secundo

275 3271 342 3324 (n.
369 3272 515 3324 5773)-

365 3327 426 3370 Et
452 3328 584 3384 quod
619 3328 769 3372 homo
801 3330 964 3385 quoad
999 3329 1245 3372 internum
1273 3329 1579 3385 spiritualem
1614 3329 1865 3373 hominem
1901 3329 1948 3372 in
1982 3330 2136 3373 socie-

272 3394 400 3436 tates
422 3387 666 3443 angelicas
690 3387 996 3438 immittatur,
1021 3388 1089 3431 ita
1112 3389 1159 3430 in
1183 3389 1372 3431 caelum
1401 3390 1464 3443 (n.
1489 3389 1638 3443 6611).

361 3496 509 3555 Quod
535 3512 651 3542 vera
681 3513 792 3542 cum
827 3500 984 3550 bonis,
1012 3509 1280 3556 antequam
1313 3500 1467 3542 homo
1500 3500 1631 3543 subit
1663 3500 1976 3549 tentationes,
2000 3501 2132 3556 apud

272 3555 409 3598 illum
438 3556 486 3598 in
519 3557 742 3600 ordinem
777 3559 1106 3615 disponantur
1131 3573 1159 3601 a
1195 3559 1425 3607 Domino,
1453 3567 1507 3600 ut
1540 3558 1697 3601 resisti
1731 3558 1886 3614 possit
1919 3559 2058 3602 malis
2085 3568 2134 3602 et

271 3613 406 3657 falsis
436 3627 559 3670 quae
583 3616 711 3671 apud
736 3616 874 3659 illum
897 3618 958 3659 ab
981 3617 1185 3665 inferno,
1210 3626 1258 3659 et
1281 3617 1560 3659 excitantur
1583 3618 1647 3671 (n.
1672 3617 1822 3671 8131).

369 3670 516 3729 Quod
552 3672 793 3717 Dominus
833 3675 879 3717 in
917 3675 1274 3718 tentationibus
1317 3675 1583 3730 prospiciat
1624 3676 1822 3725 bonum,
1850 3674 1960 3719 1000
1998 3675 2131 3732 quod

276 3729 532 3776 infernales
565 3731 764 3787 spiritus
789 3733 1047 3776 intendant
1071 3734 1252 3776 malum
1281 3735 1344 3789 (n.
1368 3734 1517 3789 6574).
