2430 4256
350 422 419 488 96
855 408 859 421 ²
1135 431 1422 474 CORONIS.

351 576 597 626 nascitur
636 591 760 625 cum
813 571 1080 625 instinctu
1119 574 1262 625 sicut
1308 573 1558 637 bestiae;
1611 591 1780 641 quare
1827 574 2009 642 pullus
2053 575 2211 627 unius

351 652 457 703 diei
490 653 613 719 plus
647 653 803 704 novit
836 670 967 703 suae
999 653 1151 704 vitae
1183 652 1437 704 ordinem
1471 669 1637 720 quam
1670 653 1865 703 infanS.

460 814 481 881 (
489 814 593 881 51.)
650 813 815 880 Quod
845 814 1012 865 liceat
1035 813 1365 866 confirmare
1385 815 1655 866 veritates
1684 815 1977 867 Ecclesiae
1998 816 2214 868 ratione

350 911 446 944 seu
473 891 766 944 intellectu
788 902 1058 960 quantum
1083 893 1237 953 libet,
1262 901 1319 944 et
1342 910 1563 960 quoque
1591 910 1687 959 per
1708 894 1859 944 varia
1886 895 1940 944 in
1965 894 2180 946 Natura
2201 912 2213 958 3

350 980 407 1024 et
447 972 597 1039 quod
637 980 909 1038 quantum
951 970 1352 1023 confirmantur
1390 980 1613 1023 tantum
1653 973 1991 1033 radicentur,
2025 989 2090 1024 ac
2131 973 2213 1024 lu-

350 1059 532 1102 ceant.
610 1050 686 1101 Et
720 1068 941 1117 quoque
975 1049 1106 1102 licet
1140 1049 1472 1101 confirmare
1506 1051 1776 1101 veritates
1811 1067 1908 1117 per
1941 1049 2213 1109 Verbum,

350 1130 660 1196 ubicunque
692 1129 896 1195 placet,
932 1137 989 1180 et
1022 1147 1242 1197 quoque
1274 1129 1431 1196 plura
1463 1129 1592 1180 inde
1625 1129 1940 1195 applicare;
1982 1136 2040 1179 et
2080 1136 2213 1180 tunc

353 1208 603 1259 Verbum
643 1225 756 1258 non
795 1207 1136 1259 falsificatur.
1214 1207 1535 1275 Scripturae
1568 1206 1735 1268 dicta,
1770 1225 1868 1274 per
1899 1224 2042 1274 quae
2073 1207 2215 1258 veri-

350 1296 500 1338 tates
534 1286 951 1347 confirmantur,
981 1287 1295 1338 ascendunt
1328 1289 1382 1338 in
1411 1286 1659 1350 caelum;
1701 1295 1831 1338 sunt
1864 1287 2007 1337 sicut
2038 1285 2217 1336 fumus

350 1385 422 1417 ex
442 1367 603 1418 thure
625 1384 634 1417 :
665 1368 907 1417 vicissim
922 1374 1112 1417 autem
1128 1366 1422 1426 falsitateS,
1439 1367 1483 1417 si
1499 1366 1899 1417 confirmantur
1912 1382 1987 1417 ex
2002 1364 2214 1426 Verb0,

350 1463 460 1496 non
501 1446 815 1496 ascendunt
856 1446 912 1496 in
951 1445 1189 1506 caelum,
1232 1446 1332 1496 sed
1372 1442 1750 1511 [¹¹rejiciuntur,
1786 1453 1844 1496 et
1883 1445 1939 1495 in
1972 1444 2062 1495 via
2100 1444 2213 1496 dis-

350 1533 650 1592 cerpuntur
682 1541 808 1576 cum
841 1524 1096 1591 fragore;
1138 1525 1283 1575 hunc
1318 1524 1519 1575 millies
1551 1525 1750 1575 audivi.

459 1687 593 1756 (52.)
649 1686 815 1754 Quod
839 1687 1219 1738 manifestatio
1240 1686 1468 1738 Domini
1497 1694 1554 1737 et
1583 1685 1850 1738 immissio
1871 1687 1926 1737 in
1949 1686 2218 1738 mundum

348 1767 693 1835 spiritualem
734 1775 984 1833 praestet
1025 1766 1284 1816 omnibus
1324 1764 1620 1816 miraculis.
1722 1765 1847 1816 Hoc
1894 1781 2008 1815 non
2053 1765 2217 1816 alicui

350 1848 544 1898 datum
597 1854 684 1897 est
736 1844 1212 1912 quemadmodum
1265 1845 1416 1905 mihi,
1463 1861 1496 1895 a
1547 1846 1850 1895 creatione.
1942 1843 2218 1896 Homines

348 1927 495 1978 aurei
528 1925 734 1976 saeculi
767 1924 991 1992 quidem
1024 1923 1199 1975 locuti
1232 1932 1362 1975 sunt
1397 1940 1522 1975 cum
1550 1922 1801 1989 angelis;
1842 1923 1942 1974 sed
1975 1939 2090 1975 non
2116 1923 2216 1975 da-

351 2015 469 2057 tum
502 2013 589 2056 est
622 2004 729 2055 illis
762 2004 816 2054 in
850 2003 958 2054 alia
991 2002 1115 2054 luce
1147 2020 1315 2070 quam
1343 1999 1630 2054 mnaturali
1663 2019 1820 2065 esse;
1862 2002 1995 2053 mihi
2027 2009 2217 2054 autem

350 2087 403 2136 in
438 2093 672 2151 utraque
705 2082 868 2133 simul
902 2081 1173 2149 spirituali
1206 2090 1263 2133 et
1297 2081 1553 2133 naturali.
1632 2081 1733 2132 Per
1760 2081 1866 2132 hoc
1901 2081 2096 2132 datum
2128 2089 2217 2134 est

349 2164 481 2215 mihi
527 2165 716 2214 videre
768 2161 1040 2212 mirabilia
1085 2160 1243 2222 caeli,
1291 2161 1563 2212 interesse
1615 2159 1832 2226 angelis
1883 2161 2027 2211 sicut
2078 2177 2218 2212 unus

347 2262 420 2295 ex
454 2243 578 2303 illis,
614 2251 670 2293 et
703 2241 866 2291 simul
906 2241 1123 2291 haurire
1150 2241 1419 2291 veritates
1452 2240 1507 2290 in
1540 2238 1680 2300 luce,
1716 2247 1774 2289 et
1814 2239 1890 2290 sic
1925 2239 2213 2306 percipere

347 2330 402 2372 et
436 2321 640 2372 docere
672 2320 827 2382 illas;
869 2320 1101 2387 proinde
1129 2319 1254 2370 duci
1287 2336 1319 2370 a
1352 2319 1613 2370 Domino,
1692 2317 1859 2384 Quod
1887 2326 2078 2369 autern
2111 2319 2214 2369 mi-

349 2400 537 2451 racula
565 2400 772 2450 attinet
794 2398 989 2450 z—Illa
1017 2415 1130 2449 non
1158 2397 1306 2449 aliud
1333 2398 1517 2449 forent
1546 2414 1710 2465 quam
1741 2397 1923 2464 laquei
1951 2396 2022 2448 ad
2049 2397 2215 2448 sedu-

348 2480 604 2539 cendum,
629 2479 771 2530 sicut
796 2479 1069 2529 Dominus
1093 2478 1246 2538 dicit,
1268 2477 1435 2528 Matt.
1458 2478 1615 2527 xxiv.
1639 2490 1738 2540 24;
1780 2484 1837 2527 et
1860 2477 1936 2527 sic
1960 2483 2216 2528 narratur

348 2559 417 2610 de
451 2557 679 2609 Simone
715 2558 907 2624 MagO,

428 2683 558 2735 Quod
589 2683 914 2723 dementaverit
935 2690 1092 2733 gentes
1116 2682 1161 2721 in
1184 2681 1397 2729 Samaria,
1422 2681 1496 2733 qui
1517 2681 1798 2720 crediderunt
1818 2680 1895 2720 illa
1915 2677 2035 2720 fac'ta
2054 2692 2110 2720 ex
2130 2679 2218 2720 vir-

562 2746 654 2778 tute
678 2738 761 2777 Dei
783 2750 948 2788 magna
968 2736 1084 2787 (Αίῖ.
1105 2739 1249 2788 Apost.
1267 2737 1358 2777 viii.
1379 2749 1418 2787 9,
1444 2738 1570 2787 seq.).

345 2867 492 2934 Quid
527 2867 792 2919 miracula
824 2867 970 2934 apud
1006 2867 1256 2933 Papaeos
1289 2865 1439 2917 aliud
1472 2882 1639 2933 quam
1674 2864 1856 2932 laquei
1889 2873 1946 2916 et
1980 2864 2210 2932 decipu-

345 2947 467 2999 lae?
545 2946 695 3013 Quid
729 2948 938 2998 docent
972 2946 1121 2996 aliud
1155 2963 1322 3013 quam
1356 2954 1416 2996 ut
1451 2944 1709 2996 colantur
1736 2945 1837 3010 ipsi
1871 2951 1931 2994 ut
1965 2944 2211 3004 numina,

344 3043 406 3077 ac
437 3035 496 3077 ut
520 3026 789 3077 recedant
818 3043 850 3076 a
873 3025 1028 3076 cultu
1052 3025 1317 3076 Domini?
1393 3024 1542 3074 Num
1565 3022 1861 3074 simulacra
1883 3021 2215 3073 miraculosa

343 3105 493 3156 aliud
526 3105 773 3156 faciunt?
836 3104 983 3154 Num
1024 3105 1174 3155 idola
1206 3113 1302 3155 aut
1337 3104 1613 3155 cadavera
1645 3099 1967 3153 sanctorum
1999 3101 2213 3156 intoto

344 3185 601 3251 Papismo
642 3184 790 3234 aliud
811 3182 1146 3234 ?—Antonii
1188 3183 1431 3244 Paduae,
1468 3183 1636 3233 trium
1678 3180 2008 3248 Sapientum
2042 3177 2211 3230 Colo-

345 3265 485 3322 niae,
521 3272 577 3314 et
619 3264 866 3313 omnium
899 3261 1254 3329 reliquorum,
1289 3278 1523 3329 quorum
1564 3259 1830 3311 miracula
1870 3256 2213 3310 monasteria

343 3341 616 3408 opplent?
694 3340 842 3407 Quid
883 3340 978 3391 illa
1018 3341 1331 3392 docuerunt
1372 3340 1441 3391 de
1476 3339 1741 3391 Christo?
1781 3338 1910 3406 quid
1951 3337 2021 3388 de
2053 3334 2213 3388 caelo

344 3422 522 3488 deque
555 3422 672 3471 vita
704 3419 972 3471 aeterna?
1050 3419 1178 3470 Non
1215 3435 1383 3470 unum
1416 3417 1770 3470 vocabulum.

453 3583 585 3650 (53.)
642 3582 809 3649 Quod
842 3581 1185 3649 impossibile
1213 3582 1284 3633 sit
1314 3589 1374 3633 ut
1401 3580 1587 3648 aliqua
1615 3579 1872 3631 Ecclesia
1899 3579 1988 3639 sit,
2018 3585 2075 3630 et
2107 3576 2210 3630 ali-

346 3679 450 3728 qua
477 3663 674 3729 religio
702 3679 843 3729 quae
872 3662 1157 3722 cohaeret,
1183 3661 1285 3712 nisi
1314 3660 1573 3712 credatur
1595 3676 1734 3710 unus
1764 3658 1932 3709 Deus.
1991 3656 2206 3709 Conse-

343 3751 579 3809 quenter
632 3741 854 3807 quando
904 3741 1107 3791 Divina
1153 3739 1401 3791 Trinitas
1452 3739 1629 3790 divisa
1674 3739 1727 3788 in
1773 3746 1886 3789 tres
1936 3736 2209 3788 Personae
