2496 4250
560 432 639 471 ET
679 420 1798 485 EJUS:DOCTR1NA.CAELESTL-N.26.
2046 431 2111 485 27

341 570 487 629 Quod
524 584 611 628 per
638 570 875 614 Divinum
904 569 1086 613 Verum
1123 568 1289 612 omnia
1321 567 1450 612 13613
1482 576 1531 612 61
1563 576 1728 612 creata
1758 568 1857 611 sint
1893 569 1956 623 (n.
1986 568 2113 623 2803,

251 629 582 696 2884[?2894L
609 627 1115 696 527227335[?7678D-
1260 686 1269 695 ,
1504 686 1511 694 ,

339 687 486 746 Quod
511 697 659 732 6113111
687 687 870 731 Dlvmo
894 687 1026 730 Vero
1048 695 1113 730 slt
1135 700 1298 730 omnls
1321 694 1546 743 potentia
1571 687 1636 730 (n.
1660 685 1810 740 8200).

339 787 487 846 Quod
521 788 673 831 homo
696 801 756 831 ex
788 801 840 831 se
867 787 988 830 nihss
1019 783 1137 830 boni
1166 786 1338 837 facere,
1362 794 1412 830 61
1435 786 1556 828 nihil
1579 786 1681 829 veri
1709 786 1940 843 cogitare,
1959 786 2116 843 possit

251 850 316 903 (n.
339 846 748 964 {71fog⁷fg{10„ale
772 904 986 948 hominis
1013 917 1072 948 ex
1094 917 1146 948 se
1174 917 1272 948 non
1297 903 1546 960 percipere
1575 903 1731 960 possit
1759 903 1995 946 Divinum
2020 903 2116 947 Ve-

249 978 356 1011 rum
384 967 450 1019 (n.
475 963 602 1019 2196,
628 975 755 1019 2203,
780 964 930 1019 2209).

339 1021 486 1081 Quod
510 1036 627 1066 vera
648 1035 776 1079 quae
801 1035 899 1065 non
926 1035 955 1065 a
983 1021 1202 1065 Domino
1225 1021 1323 1064 sint
1346 1035 1406 1065 ex
1430 1020 1629 1078 proprio
1652 1020 1882 1070 hominis,
1906 1029 1955 1064 et
1982 1021 2115 1078 quod

247 1094 348 1126 non
370 1094 487 1125 vera
508 1081 621 1132 sint,
645 1081 730 1125 sed
756 1081 906 1124 modo
930 1088 1201 1137 appareant
1224 1088 1279 1122 ut
1300 1093 1418 1123 vera
1443 1082 1507 1135 (n.
1527 1079 1677 1134 8868).

336 1179 483 1239 Quod
522 1195 668 1225 omne
701 1181 886 1224 bonum
920 1189 970 1224 et
991 1194 1161 1223 verum
1198 1180 1261 1223 sit
1287 1193 1316 1223 a
1350 1179 1583 1230 Domino,
1607 1188 1657 1223 et
1685 1179 1807 1222 nihil
1830 1180 1891 1223 ab
1915 1180 2116 1223 homine

251 1242 316 1295 (n.
348 1239 471 1293 1614,
500 1239 627 1290 2016,
653 1251 780 1295 2904,
806 1250 936 1295 4151,
959 1239 1109 1295 9981).

336 1297 483 1356 Quod
522 1300 652 1342 bona
689 1307 740 1342 et
762 1311 877 1342 vera
913 1306 1107 1341 tantum
1147 1298 1278 1341 bona
1315 1305 1365 1341 et
1395 1311 1511 1341 vera
1553 1297 1665 1345 sint,
1699 1307 1940 1353 quantum
1979 1297 2025 1340 in
2065 1311 2116 1341 se

248 1357 432 1400 habent
457 1356 729 1400 Dominum
757 1359 821 1412 (n.
847 1368 973 1412 2904,
999 1356 1156 1412 3051[?
1182 1356 1329 1412 3061],
1355 1355 1511 1412 8478[?
1535 1356 1703 1410 8480]).

338 1415 411 1459 De
436 1415 620 1459 Divino
644 1415 776 1459 Vero
800 1415 1085 1459 immediate
1120 1416 1420 1471 procedente
1447 1429 1475 1458 a
1505 1414 1736 1464 Domino,
1765 1423 1814 1458 et
1842 1415 1903 1458 de
1932 1414 2117 1458 Divino

247 1474 381 1518 Vero
414 1474 628 1518 mediate
662 1487 748 1531 per
770 1475 985 1531 angelos,
1009 1482 1059 1517 et
1092 1475 1153 1517 de
1186 1488 1358 1518 eorum
1394 1474 1580 1516 influxu
1608 1473 1738 1530 apud
1767 1474 2021 1517 hominem
2052 1480 2116 1529 (n.

247 1542 374 1588 7055·
395 1533 524 1588 7056,
549 1543 606 1586 70
638 1533 699 1587 3)-

336 1590 484 1649 Quod
510 1543 755 1635 Doriiinus
780 1591 951 1635 influat
971 1591 1018 1634 in
1034 1592 1219 1635 bonum
1240 1591 1368 1648 apud
1396 1591 1664 1640 hominem,
1685 1599 1734 1635 et
1759 1605 1844 1648 per
1858 1592 2043 1635 bonum
2069 1592 2116 1634 in

246 1663 363 1694 vera
388 1652 452 1705 (n.
481 1652 655 1705 10153).

342 1707 490 1767 Quod
525 1709 697 1752 influat
730 1723 816 1766 per
837 1710 1023 1752 bonum
1059 1709 1106 1752 in
1129 1723 1244 1753 vera
1277 1710 1438 1753 omnis
1463 1709 1669 1767 generis,
1695 1709 1906 1752 maxime
1935 1709 1982 1752 in
2005 1723 2118 1752 vera

249 1767 469 1825 genuina
494 1769 558 1822 (n.
583 1779 711 1823 2531,
732 1769 881 1824 2554).

342 1825 490 1884 Quod
518 1825 763 1870 Dominus
791 1841 890 1870 non
921 1827 1091 1870 influat
1111 1826 1159 1869 in
1182 1841 1298 1870 vera
1324 1836 1547 1884 separata
1568 1841 1596 1870 a
1618 1828 1765 1877 bono,
1789 1835 1838 1870 et
1861 1828 1994 1884 quod
2020 1841 2118 1870 non

249 1885 396 1928 detur
434 1885 788 1941 parallelismus
828 1885 956 1929 inter
996 1885 1264 1929 Dominum
1306 1894 1356 1929 61
1399 1886 1652 1930 1101111116111
1697 1886 1860 1943 quoad
1900 1886 1994 1935 illa,
2033 1886 2118 1929 sed

248 1944 413 2002 quoad
441 1945 626 1987 bonum
653 1945 718 1999 (n.
746 1944 869 2000 1831,
898 1945 1022 2000 1832,
1048 1955 1176 2000 3514,
1202 1945 1352 2000 3564).

340 2043 521 2088 Facere
543 2044 730 2088 bonum
753 2052 803 2087 et
820 2058 990 2088 verum
1016 2053 1218 2101 propter
1240 2046 1424 2088 bonum
1449 2052 1499 2088 et
1516 2059 1700 2095 verum,
1719 2045 1851 2101 quod
1876 2045 1939 2088 sit
1957 2058 2119 2089 amare

253 2101 523 2146 Dominum
547 2111 596 2146 et
617 2116 781 2146 amare
807 2104 1085 2159 proximum
1114 2105 1177 2158 (n.
1202 2104 1377 2158 10336).

339 2160 487 2219 Quod
510 2161 595 2217 qui
619 2161 667 2204 in
688 2162 883 2205 interno
908 2162 1071 2212 Verbi,
1095 2162 1344 2212 ecclesiae,
1364 2170 1413 2205 et
1436 2163 1598 2206 cultus
1622 2170 1750 2212 sunt,
1769 2170 1938 2206 ament
1961 2162 2119 2206 facere

249 2219 436 2262 bonum
470 2227 519 2263 et
541 2233 712 2263 verum
748 2228 950 2277 propter
976 2221 1161 2264 bonum
1197 2229 1246 2264 et
1267 2235 1468 2271 verum:
1506 2221 1590 2277 qui
1624 2230 1788 2264 autem
1827 2221 1873 2264 in
1914 2230 2120 2265 externo

250 2278 446 2322 illorum
479 2279 664 2335 absque
698 2279 893 2322 interno
931 2287 1059 2329 sunt,
1084 2280 1218 2336 quod
1251 2289 1419 2322 ament
1451 2279 1610 2323 facere
1642 2281 1828 2324 bonum
1867 2289 1916 2324 et
1948 2294 2118 2324 verum

252 2345 456 2394 propter
476 2351 528 2380 se
550 2345 601 2380 et
624 2338 864 2380 mundum
892 2340 956 2392 (n.
987 2337 1169 2394 10662[?
1198 2338 1391 2393 10683]).

340 2394 471 2453 Quid
499 2395 563 2439 sit
590 2395 748 2439 facere
772 2397 957 2439 bonum
985 2405 1034 2439 et
1060 2411 1232 2440 verum
1262 2406 1465 2454 propter
1487 2397 1672 2441 bonum
1697 2406 1747 2441 et
1769 2411 1939 2442 verum
1968 2399 2119 2453 (illus-

247 2459 435 2499 tratum
448 2457 543 2510 per
565 2455 794 2511 exempla,
820 2469 865 2498 n.
894 2454 1074 2511 10682[?
1103 2455 1297 2511 10683]).

249 2594 356 2640 26.
398 2595 474 2637 De
493 2596 652 2637 variis
672 2595 823 2638 Bonis
843 2600 888 2638 et
923 2596 1073 2640 Veris,

255 2746 273 2801 (
339 2686 488 2789 Qucgd
523 2688 713 2801 infinita
736 2689 947 2733 varietas
979 2689 1056 2739 sit,
1081 2698 1131 2733 et
1164 2704 1406 2747 nusquam
1439 2691 1626 2749 aliquid
1662 2692 1792 2736 idem
1822 2706 1934 2736 cum
1963 2693 2120 2736 altero

275 2759 320 2790 n.
344 2757 428 2801 723
462 2781 471 2794 ,
495 2759 609 2802 9002
637 2781 646 2791 .

339 2804 487 2918 6Q)u0d
522 2805 570 2848 in
593 2806 740 2850 caelis
773 2806 920 2850 etiam
955 2807 1147 2851 infinita
1168 2808 1380 2852 varietas
1403 2809 1467 2852 sit
1493 2811 1558 2865 (n.
1582 2810 1681 2863 684,
1705 2810 1805 2865 690,
1835 2820 1962 2865 3744,
1994 2810 2118 2866 5598,

251 2873 336 2919 723
392 2898 402 2908 .

329 2921 488 3024 guod
512 2923 775 2967 varietates
808 2924 857 2966 in
889 2924 1037 2968 caelis
1071 2925 1170 2968 sint
1190 2926 1454 2970 varietates
1481 2927 1612 2976 boni,
1637 2936 1687 2970 et
1714 2927 1847 2983 quod
1878 2927 1992 2971 inde
2020 2928 2118 2970 dis-

252 2980 325 3025 tin
381 2981 429 3024 io
460 2981 683 3024 omnium
716 2983 781 3025 ibi
817 2985 882 3038 (n.
911 2994 1038 3039 3519,
1067 2994 1194 3039 3744,
1224 2984 1351 3039 3804,
1377 2985 1504 3040 3986,
1527 2996 1658 3041 4005,
1680 2986 1810 3039 4067,
1834 2998 1963 3041 4149,
1988 2987 2118 3041 4263,

253 3039 860 3107 7236.783327836·9002)

341 3096 491 3156 Quod
530 3099 639 3142 illae
671 3100 934 3144 varietates
972 3101 1070 3144 sint
1109 3115 1168 3144 ex
1200 3102 1342 3151 veris,
1367 3116 1492 3158 quae
1532 3103 1836 3159 multiplicia,
1871 3117 1957 3160 per
1993 3117 2119 3159 quae

252 3156 438 3200 bonum
465 3157 620 3200 cuivis
646 3158 710 3213 (n.
735 3169 862 3214 3470,
887 3169 1014 3214 3519,
1040 3160 1166 3214 3804,
1189 3172 1318 3214 4149,
1342 3161 1470 3215 6917,
1496 3162 1644 3216 7236).

341 3214 490 3273 Quod
514 3216 628 3259 inde
659 3230 831 3260 omnes
864 3218 1126 3261 societates
1159 3219 1408 3275 angelicae
1443 3219 1490 3261 in
1518 3220 1679 3269 caelis,
1704 3228 1754 3263 et
1777 3221 2117 3277 unusquisque

252 3274 455 3331 angelus
487 3274 536 3316 in
563 3275 814 3325 societate,
841 3276 968 3319 inter
999 3290 1050 3319 se
1078 3276 1299 3320 distinfti
1334 3277 1433 3320 sint
1469 3281 1533 3332 (n.
1556 3278 1655 3332 690,
1682 3289 1803 3333 3241,
1833 3289 1961 3334 3519,
1991 3279 2118 3334 3804,

255 3331 1314 3390 3986.4067‚4149‚4263‚7236‚7833.7836}

343 3389 439 3434 Sed
462 3392 596 3447 quod
620 3406 774 3448 usque
798 3406 949 3435 unum
973 3402 1122 3450 agant
1146 3408 1231 3449 per
1253 3408 1472 3437 amorem
1495 3409 1524 3438 a
1548 3394 1780 3445 Domino,
1806 3403 1855 3438 et
1880 3409 1966 3452 per
1984 3396 2117 3452 quod

254 3447 479 3505 speRent
502 3464 655 3492 unum
678 3450 826 3494 finem
853 3452 918 3506 (n.
941 3461 1040 3506 457,
1066 3452 1215 3506 3986).

343 3547 490 3606 Quod
515 3550 646 3593 bona
671 3558 722 3594 61
743 3563 858 3594 vera
884 3550 932 3593 in
959 3565 1138 3608 genere
1165 3553 1435 3595 secundum
1461 3553 1642 3609 gradus
1670 3553 2044 3611 distinguantur
2068 3554 2115 3596 in

255 3608 508 3657 naturalia,
531 3608 817 3664 spiritualia,
841 3617 888 3652 et
913 3610 1143 3652 caelestia
1169 3612 1232 3665 (n.
1258 3611 1384 3665 2069,
1411 3613 1559 3666 3240).

344 3664 491 3723 Quod
508 3674 607 3710 tres
639 3667 819 3723 gradus
851 3668 967 3710 boni
1002 3677 1051 3710 et
1086 3668 1199 3711 inde
1222 3668 1323 3711 veri
1357 3669 1456 3712 sint
1485 3670 1531 3712 in
1559 3671 1810 3713 communi
1839 3673 2112 3714 secundum

256 3731 358 3768 tres
379 3726 542 3770 caelos
568 3726 632 3781 (n.
653 3735 783 3780 4154,
806 3726 935 3782 9873,
965 3726 1147 3782 10296[?
1175 3728 1371 3782 10270]).
