2496 4250
472 419 570 471 130
956 417 1038 458 DE
1079 416 1252 457 NOVA
1293 417 1750 459 HIEROSOLYMA

465 571 587 607 rum,
607 564 870 613 utrumque
888 557 948 599 ab
970 555 1096 613 Ipso,
1115 563 1342 599 constare
1360 564 1524 613 potest
1542 571 1600 601 ex
1623 571 1696 608 eo,
1715 558 1848 614 quod
1875 559 1954 602 illa
1971 558 2069 602 sint
2087 571 2211 615 quae
2233 572 2323 602 nu-

464 615 623 658 triunt
648 616 800 658 vitam
829 615 1132 670 spiritualem
1161 614 1401 665 hominis:
1435 615 1548 659 inde
1575 616 1767 666 dicitur,
1797 615 1948 659 ‘Caro
1976 630 2084 659 mea
2109 625 2184 660 est
2208 629 2324 660 vere

463 673 617 723 cibus,
639 682 690 716 et
716 674 914 730 sanguis
942 687 1079 716 meus
1105 681 1180 716 est
1204 686 1317 716 vere
1345 681 1492 729 potus
1509 674 1532 717 :'
1569 683 1619 717 et
1651 675 1766 731 quia
1794 675 1947 718 homo
1974 688 2059 730 per
2087 674 2323 718 Divinum

465 731 661 775 Bonum
689 740 738 774 et
760 731 943 774 Verum
967 731 1287 788 conjungitur
1311 731 1541 782 Domino,
1566 732 1677 776 ideo
1704 733 1851 775 etiam
1876 733 2067 782 dicitur,
2092 739 2102 755 ‘
2118 732 2215 791 Qui
2241 745 2324 776 co·

463 790 618 833 medit
640 803 837 833 carnem
862 803 1019 832 meam
1044 798 1093 833 et
1115 789 1239 832 bibit
1262 791 1549 847 sanguinem
1574 805 1752 841 meum,
1772 791 1971 834 habebit
1992 791 2145 835 vitam
2168 797 2324 835 aeter-

464 862 602 900 na1n;
635 856 684 892 et
708 848 788 892 ille
812 848 859 891 in
885 847 967 892 Me
990 856 1157 892 manet
1179 856 1228 892 et
1253 848 1358 906 Ego
1381 849 1430 891 in
1454 849 1607 893 i110.'’'

465 967 526 1011 Et
548 981 695 1024 supra
717 968 766 1011 in
789 981 848 1012 eo
871 968 1043 1025 capite,

535 1068 634 1105 “Ne
651 1067 868 1166 ope)remini
886 1067 1019 1104 cibum
1042 1067 1111 1114 qui
1133 1067 1245 1115 perit,
1264 1068 1335 1105 sed
1353 1068 1487 1105 cibum
1506 1067 1574 1115 qui
1594 1073 1731 1105 manet
1753 1068 1794 1105 in
1814 1068 1934 1105 vitam
1953 1067 2187 1105 aeternam”
2209 1071 2326 1116 (vers.

666 1129 714 1164 27
737 1147 747 1156 .

463 1215 611 1274 Quod
631 1223 868 1261 “manere
887 1217 934 1260 in
955 1216 1173 1261 Domino
1187 1216 1211 1232 ’'
1227 1216 1290 1260 sit
1307 1230 1412 1261 esse
1431 1217 1479 1260 in
1497 1230 1663 1262 amore
1682 1217 1730 1260 in
1753 1215 1933 1274 Ipsum,
1951 1216 2062 1274 Ipse
2082 1203 2328 1261 Dominus

463 1284 609 1329 docet
631 1284 760 1341 apud
793 1284 1062 1342 Johannem
1087 1285 1211 1341 (cap.
1233 1298 1311 1328 xv.
1335 1285 1484 1339 2—12).
