2430 4256
376 431 441 497 56
1159 446 1445 488 coxoms,

371 583 627 641 Argenteo
660 583 803 628 Aevo
824 585 1067 636 vixerunt,
1093 585 1186 629 fuit
1219 586 1547 644 intelligentia
1577 601 1637 631 ex
1658 588 1948 634 veritatibus
1969 590 2230 648 spirituali-

369 643 460 687 bus
483 651 533 686 et
558 643 672 686 inde
697 644 1025 694 naturalibus;
1058 645 1216 687 simile
1240 645 1371 688 enim
1396 645 1641 703 significat
1663 648 1951 704 argentum.'

458 701 555 744 “In
581 702 927 758 perlustrando
946 704 1116 746 urbem
1140 703 1356 747 vidimus
1390 704 1470 747 hic
1493 714 1543 748 et
1577 705 1641 748 ibi
1660 714 1931 758 consortes,
1955 715 2063 750 tum
2087 709 2232 753 mari-

367 768 447 804 tos
471 769 521 804 et
544 774 737 804 uxores.
803 760 1223 818 Exspecf’cavimus,
1248 771 1302 805 ut
1325 763 1502 806 alicubi
1528 764 1874 815 invitaremur:
1917 774 1968 809 et
1999 779 2111 810 cum
2136 767 2233 812 hoc

369 820 418 862 in
457 820 624 862 animo
663 828 781 869 erat,
817 821 1172 864 revocabamur
1202 835 1231 864 a
1268 822 1464 865 duobus
1498 822 1547 865 in
1581 823 1801 873 domum,
1835 838 1893 867 ac
1926 824 2232 870 intravimus.

371 878 433 921 Et
464 879 669 935 angelus
703 892 792 935 pro
827 893 905 922 me
943 879 1139 923 locutus
1172 893 1284 923 cum
1319 880 1415 924 illis
1447 882 1641 937 aperuit
1674 895 1871 926 causam
1905 883 2149 928 adventus
2182 884 2231 928 in

367 937 463 980 hoc
495 938 701 986 caelum,
735 938 870 993 quod
909 947 1039 981 esset
1073 945 1298 995 ‘propter
1330 938 1707 984 instructionem
1742 941 1803 984 de
1841 941 2062 986 moribus
2099 943 2230 1000 apud

366 996 601 1052 antiquos
625 1010 651 1039 e
675 996 855 1052 quibus
880 996 1031 1040 estis.'

456 1055 559 1097 “Et
583 1055 960 1111 responderunt,
986 1055 1115 1100 ‘Nos
1138 1055 1322 1101 fuimus
1345 1071 1404 1101 ex
1437 1058 1633 1114 populis
1667 1058 1715 1100 in
1742 1058 1889 1109 Asia;
1931 1073 1988 1103 ac
2010 1060 2230 1104 studium

367 1122 563 1157 nostrae
587 1113 764 1157 aetatis
798 1114 891 1157 fuit
923 1115 1143 1158 studium
1166 1116 1447 1172 veritatum,
1473 1130 1559 1172 per
1591 1131 1713 1173 quas
1747 1117 1890 1161 nobis
1923 1117 2018 1161 fuit
2050 1118 2230 1162 intelli-

364 1172 547 1229 gentia.
614 1172 727 1216 Hoc
765 1173 985 1216 studium
1021 1173 1182 1218 fuerat
1213 1173 1406 1218 animae
1445 1184 1494 1218 et
1534 1176 1716 1219 mentis
1750 1185 1949 1220 nostrae
1981 1177 2229 1228 studium:

365 1232 452 1274 sed
491 1231 712 1275 studium
752 1246 987 1276 sensuum
1026 1246 1291 1289 corporum
1332 1242 1614 1277 nostrorum
1658 1234 1854 1278 fuerant
1896 1245 2231 1292 repraesenta-

363 1291 526 1334 tiones
559 1291 824 1334 veritatum
862 1292 909 1334 in
943 1291 1116 1335 formis
1151 1293 1479 1342 naturalibus:
1522 1307 1579 1336 ac
1611 1293 1815 1336 scientia
1840 1295 2231 1351 corresponden-

363 1350 542 1392 tiarum
563 1350 824 1406 conjunxit
841 1351 1088 1394 sensualia
1105 1364 1368 1407 corporum
1390 1360 1679 1395 nostrorum
1691 1366 1804 1395 cum
1825 1353 2228 1410 perceptionibus

364 1409 605 1452 mentium
631 1418 926 1459 nostrarum,
952 1410 1025 1452 ita·
1042 1410 1286 1453 naturalia
1314 1419 1363 1454 et
1386 1411 1661 1467 corporalia
1683 1425 1795 1454 curn
1820 1411 2158 1468 spiritualibus
2180 1422 2231 1457 et

363 1468 670 1517 caelestibus,
688 1477 738 1510 et
756 1469 1038 1512 conciliavit
1058 1469 1199 1512 nobis
1214 1469 1717 1513 communicationem
1738 1484 1850 1513 cum
1868 1471 2058 1528 angelis
2075 1471 2230 1516 caeli,’

453 1526 587 1570 “His
618 1527 813 1577 auditis,
840 1528 1033 1584 rogavit
1056 1528 1260 1584 angelus
1292 1536 1348 1571 ut
1380 1528 1566 1585 aliquid
1591 1530 1651 1572 de
1675 1529 1920 1586 conjugiis
1953 1530 2084 1586 apud
2119 1529 2230 1575 illos

363 1585 643 1631 referrentffl
735 1586 796 1628 Et
835 1587 960 1629 dixit
999 1587 1219 1636 maritus,
1260 1586 1373 1630 ‘Est
1411 1588 1853 1644 correspondentia
1891 1588 2021 1632 inter
2056 1588 2229 1646 conju-

361 1645 496 1702 gium
533 1644 801 1701 spirituale,
838 1645 970 1702 quod
1010 1654 1085 1688 est
1119 1645 1237 1689 boni
1273 1654 1324 1688 et
1357 1646 1473 1695 veri,
1509 1654 1560 1689 et
1595 1646 1723 1690 inter
1757 1647 2047 1704 conjugium
2085 1656 2227 1691 natu-

362 1704 474 1753 rale,
499 1704 634 1760 quod
668 1712 743 1747 est
765 1704 856 1747 viri
890 1718 1001 1747 curn
1026 1717 1202 1754 uxore:
1235 1713 1286 1748 et
1309 1705 1424 1761 quia
1453 1705 1735 1749 studuimus
1757 1706 2226 1762 correspondentiis,

360 1763 576 1806 vidimus
610 1763 743 1819 quod
787 1762 1006 1806 Ecclesia
1042 1776 1155 1806 cum
1196 1763 1297 1806 suis
1333 1763 1462 1807 veris
1500 1772 1550 1806 et
1587 1763 1731 1807 bonis
1770 1777 2083 1821 nequaquam
2122 1763 2227 1809 dari

362 1822 520 1878 possit
552 1822 683 1877 apud
717 1821 840 1865 alios
873 1835 1023 1878 quam
1057 1821 1141 1878 qui
1177 1821 1224 1864 in
1258 1820 1427 1865 amOre
1459 1836 1579 1866 vere
1607 1822 1875 1879 conjugiali
1907 1823 2107 1873 vivunt:
2151 1835 2227 1868 est

361 1881 493 1924 enim
518 1881 807 1937 conjugium
835 1881 950 1924 boni
974 1889 1024 1924 et
1055 1880 1158 1924 veri
1195 1880 1414 1924 Ecclesia
1435 1882 1565 1937 apud
1600 1881 1868 1925 hominem.
1931 1880 2096 1940 Quare
2120 1896 2226 1926 om-

361 1953 448 1983 nes
483 1953 573 1982 nos
606 1939 690 1996 qui
725 1939 805 1982 hic
838 1953 1022 1990 sumus,
1048 1940 1259 1983 dicimus
1293 1940 1428 1996 quod
1463 1939 1669 1983 maritus
1701 1940 1766 1983 sit
1797 1954 1984 1990 verum,
2019 1949 2070 1984 et
2101 1955 2228 1984 uxor

360 1999 467 2055 ejus
485 1999 587 2042 veri
607 1999 807 2048 bonum,
827 2007 876 2042 et
893 2000 1027 2056 quod
1052 2000 1238 2042 bonum
1259 2013 1359 2042 non
1379 1999 1536 2055 possit
1553 2012 1718 2042 amare
1735 1999 1869 2042 aliud
1887 2012 2058 2042 verum
2078 2013 2226 2056 quam

360 2058 494 2114 quod
528 2058 603 2101 sui
637 2066 725 2107 est,
750 2071 840 2101 nec
871 2071 1043 2101 verum
1079 2058 1332 2101 redamare
1375 2057 1507 2100 aliud
1541 2058 1727 2101 bonum
1763 2057 1948 2114 [quam]
1982 2059 2116 2114 quod
2150 2059 2225 2102 sui

359 2125 458 2167 est;
491 2116 531 2160 si
564 2116 712 2165 aliud,
738 2117 919 2173 periret
941 2116 1230 2174 conjugium
1257 2117 1506 2160 internum
1540 2130 1626 2160 seu
1659 2116 1915 2174 spirituale
1939 2117 2070 2174 quod
2106 2116 2225 2160 facit

363 2175 647 2225 Ecclesiam,
680 2184 730 2218 et
773 2175 913 2219 fieret
952 2177 1104 2219 modo
1137 2175 1426 2233 conjugium
1461 2183 1721 2219 externum
1753 2189 1838 2219 seu
1873 2175 2110 2226 naturale,
2144 2176 2223 2220 cui

360 2233 640 2278 idololatria
663 2243 712 2278 et
737 2248 835 2278 non
864 2234 1489 2290 Ecclesia.correspondet.'

449 2293 582 2337 “His
602 2292 746 2337 dictis
766 2292 1034 2336 introducti
1053 2307 1224 2337 sumus
1244 2294 1291 2335 in
1311 2293 1718 2343 antethalamum,
1737 2292 1820 2336 ubi
1841 2293 1981 2350 plura
1996 2292 2225 2338 technica

358 2366 507 2409 super
530 2353 813 2409 parietibus,
839 2361 888 2395 et
923 2352 1162 2410 imagines
1196 2366 1375 2408 parvae
1407 2352 1536 2396 s‘icut
1569 2351 1706 2395 fusae
1738 2365 1798 2395 ex
1830 2360 2038 2409 argento
2068 2360 2223 2398 erant.

361 2411 424 2455 Et
456 2412 676 2468 quaesivi
701 2411 819 2468 quid
856 2411 949 2455 illa.
1015 2411 1271 2461 Dixerunt‚
1300 2410 1450 2454 ‘Sunt
1485 2409 1704 2467 picturae
1737 2419 1788 2454 et
1813 2410 2008 2454 formae
2031 2424 2223 2468 reprae-

358 2470 634 2514 sentativae
679 2470 893 2527 plurium
933 2470 1244 2527 qualitatum,
1285 2470 1711 2526 praedicationum
1757 2478 1807 2513 et
1849 2469 2219 2526 jucunditatum

358 2529 690 2585 spiritualium
709 2529 733 2579 ς’
772 2530 899 2572 sicut
922 2526 1071 2572 etiam
1096 2537 1237 2573 erant
1259 2529 1461 2572 cherubi
1486 2537 1536 2572 et
1569 2529 1760 2586 palmae
1783 2542 1931 2585 super
1953 2528 2239 2585 parietibus·

359 2588 553 2644 Templi
582 2588 1039 2645 Hierosolymitani.

449 2655 473 2670 ‘⁴
491 2647 612 2690 Post
646 2647 766 2690 haec
790 2647 1018 2703 apparuit
1045 2661 1071 2690 e
1104 2646 1379 2704 longinquo
1402 2660 1573 2690 currus
1595 2644 1783 2689 tractus
1805 2659 1834 2689 a
1856 2645 2050 2690 mannis
2072 2645 2222 2696 albis:

358 2720 459 2763 quo
482 2706 589 2749 viso
623 2706 748 2749 dixit
772 2706 1008 2763 Angelus,
1035 2705 1151 2749 ‘Ille
1175 2719 1345 2749 currus
1368 2713 1443 2749 est
1474 2705 1617 2748 nobis
1641 2705 1835 2761 signum
1870 2713 1926 2748 ut
1957 2704 2222 2748 abeamus.'

359 2765 512 2814 Tunc,
551 2779 663 2808 cum
703 2765 1052 2808 descendimus
1092 2778 1178 2821 per
1213 2765 1408 2822 gradus,
1445 2764 1584 2807 dedit
1622 2764 1803 2820 hospes
1842 2763 1985 2806 nobis
2022 2763 2221 2807 botrum

358 2838 419 2868 ex
442 2824 549 2868 uvis
573 2823 798 2867 candidis
821 2824 1173 2867 adhaerentem
1199 2822 1329 2867 foliis
1353 2837 1414 2866 ex
1444 2823 1573 2872 vite;
1611 2831 1662 2866 et
1694 2836 1807 2866 ecce
1831 2821 1950 2866 folia
1983 2821 2032 2865 in
2066 2822 2222 2865 mani-

358 2884 450 2927 bus
470 2883 652 2926 nostris
671 2881 800 2926 faita
815 2892 932 2926 sunt
946 2891 1181 2940 argentea
1198 2897 1207 2933 ;
1241 2891 1291 2944 qt
1310 2881 1684 2938 deportavimus
1706 2881 1788 2924 illa
1806 2881 1854 2924 in
1873 2881 2068 2938 signum
2085 2880 2220 2938 quod

358 2956 471 2986 cum
498 2942 694 2999 populis
719 2941 911 2985 Saeculi
937 2941 1175 2998 Argentei
1200 2941 1354 2984 locuti
1378 2940 1576 2984 simus.”

357 3054 475 3109 45.
533 3043 619 3094 De
654 3042 877 3093 Inferno
911 3060 983 3093 ex
1017 3042 1123 3092 illis
1145 3059 1231 3092 :—

451 3152 649 3196 Inferna
671 3167 731 3196 ex
758 3152 1044 3195 hominibus
1079 3151 1326 3195 Ecclesiae
1361 3150 1640 3194 Noachicae
1673 3163 1758 3193 seu
1784 3149 2034 3206 Antiquae
2055 3148 2221 3206 quoad

360 3211 619 3268 plurimam
641 3220 830 3267 partem
847 3211 1127 3254 consistunt
1142 3224 1203 3253 ex
1220 3209 1393 3266 Magis.
1410 3209 1588 3266 quibus
1604 3208 1814 3265 mapalia
1828 3216 1878 3251 et
1892 3221 2076 3264 agapae
2091 3215 2221 3257 sunt,

360 3270 447 3326 [in]
472 3271 668 3313 deserto
692 3284 902 3325 sparsae.
964 3269 1168 3312 Vadunt
1202 3269 1266 3312 ibi
1299 3282 1411 3311 cum
1443 3268 1627 3311 baculis
1652 3268 1699 3309 in
1725 3280 1885 3316 manu,
1909 3266 1994 3323 qui
2017 3265 2222 3309 diversi-

360 3328 541 3372 formes
565 3337 693 3378 sunt,
718 3337 767 3371 et
790 3328 990 3385 quidam
1014 3326 1156 3370 tincti
1190 3327 1347 3371 succis
1371 3325 1764 3370 necromanticis.
1830 3325 1925 3367 Per
1947 3324 2071 3374 illos,
2094 3324 2222 3368 sicut

359 3388 493 3436 olim,
518 3398 647 3430 artes
671 3401 783 3430 suas
801 3395 1043 3436 exercent,
1064 3400 1189 3442 quae
1208 3385 1333 3428 fiunt
1357 3398 1443 3441 per
1459 3386 1640 3427 abusus
1658 3383 2220 3439 correspondentiamm‚

360 3446 659 3502 phantasias,
694 3445 897 3489 fiducias
931 3445 1250 3501 persuasivas,
1286 3457 1371 3500 per
1402 3457 1524 3500 quas
1558 3442 1651 3485 fuit
1682 3442 1804 3485 fides
1838 3441 2144 3490 miraculosa,
2171 3448 2222 3484 et

360 3503 488 3547 facta
506 3514 620 3547 sunt
639 3505 873 3547 miracula
890 3504 1032 3554 olim;
1059 3512 1164 3546 tum
1186 3516 1271 3559 per
1288 3502 1602 3550 exorcismos,
1623 3501 2003 3549 incantamenta.
2022 3498 2220 3548 fascina,

360 3571 410 3606 et
432 3563 682 3612 veneficia,
708 3571 758 3606 et
791 3563 955 3619 plures
980 3562 1098 3605 alias
1121 3560 1581 3617 daemonophonias
1614 3573 1701 3616 per
1723 3572 1844 3616 quas
1866 3558 2048 3602 sistunt
2070 3570 2220 3614 appa-

361 3622 542 3665 rentias
582 3621 825 3664 illusorias
862 3621 991 3664 sicut
1030 3621 1197 3664 reales.
1273 3619 1697 3677 Jucundissimum
1736 3617 1898 3661 cordis
1935 3629 2120 3682 eorum.
2146 3623 2221 3659 est

360 3680 594 3723 vaticinia
616 3689 666 3723 et
699 3679 951 3736 praesagia
973 3680 1132 3728 edere,
1157 3692 1213 3722 ac
1249 3678 1501 3735 Pythones
1524 3690 1683 3734 agere.
1750 3675 1821 3719 Ex
1855 3675 1931 3718 his
1962 3686 2221 3732 praecipue

361 3738 660 3782 exstiterunt
687 3738 1025 3781 Enthusiasmi
1051 3738 1098 3780 in
1124 3736 1408 3781 Christiano
1431 3736 1562 3779 orbe.
