2566 4256
539 422 597 471 18
1064 431 1147 471 DE
1186 430 1358 470 NOVA
1401 429 1855 470 HIEROSOLYMA

531 572 584 621 in
625 569 884 636 conjugio
924 570 1186 633 caelesti;
1243 571 1320 621 ita
1366 587 1477 621 non
1520 578 1606 620 est
1653 570 1706 620 in
1748 569 1845 619 illo
1886 568 2068 619 adhuc
2112 567 2385 629 ecclesia;

531 666 660 699 nam
690 646 1006 713 conjunctio
1034 649 1165 699 boni
1193 656 1249 699 et
1273 649 1387 698 veri
1415 648 1547 698 facit
1576 647 1889 698 ecclesiam.

635 727 747 778 16.
801 726 958 776 Bona
985 735 1114 777 sunt
1149 726 1478 791 multiplicia
1503 743 1514 788 ;
1556 727 1610 775 in
1639 742 1846 791 genere
1874 734 1959 775 est
1988 725 2196 775 bonum
2230 724 2389 789 spiri-

531 804 683 855 tuale
705 812 762 855 et
790 804 998 854 bonum
1027 804 1298 864 naturale,
1324 821 1387 854 ac
1417 812 1712 869 utrumque
1741 801 2101 868 conjunctum
2131 803 2183 852 in
2209 818 2387 867 genu-

529 884 623 932 ino
662 883 813 932 bono
853 881 1065 932 morali.
1143 881 1298 932 Sicut
1338 889 1467 932 sunt
1500 882 1665 940 bona,
1701 882 1778 930 ita
1817 898 2035 947 quoque
2075 888 2206 931 sunt
2238 896 2386 939 vera,

533 961 659 1026 quia
691 977 822 1009 vera
855 968 984 1010 sunt
1017 960 1165 1020 boni,
1197 968 1253 1010 et
1288 967 1416 1010 sunt
1449 959 1656 1009 formae
1690 959 1836 1009 boni.

635 1049 738 1104 17.
790 1036 942 1088 Sicut
990 1047 1075 1088 est
1122 1054 1246 1088 cum
1293 1038 1443 1087 bono
1490 1045 1547 1087 et
1580 1054 1729 1096 vero,
1765 1038 1843 1086 ita
1885 1053 1957 1086 ex
2001 1036 2262 1101 opposito
2303 1043 2388 1086 est

529 1132 653 1166 cum
688 1116 835 1166 malo
868 1124 924 1166 et
957 1116 1127 1178 falso;
1181 1116 1347 1182 quod,
1383 1132 1602 1180 nempe,
1628 1116 1769 1165 sicut
1811 1116 1997 1165 omnia
2037 1116 2089 1164 in
2132 1115 2390 1164 universo

529 1211 668 1260 quae
712 1202 841 1244 sunt
875 1194 1184 1244 secundum
1227 1194 1491 1243 Divinum
1525 1193 1777 1243 ordinem
1811 1210 1870 1242 se
1904 1193 2148 1243 referunt
2182 1193 2252 1242 ad
2286 1193 2388 1242 bo·

530 1288 660 1322 num
685 1280 741 1322 et
764 1289 974 1332 verum,
996 1273 1073 1322 ita
1096 1273 1283 1322 omnia
1305 1289 1445 1338 quae
1470 1279 1599 1321 sunt
1624 1279 1821 1321 contra
1850 1271 2112 1321 Divinum
2137 1271 2389 1321 ordinem

528 1367 587 1401 se
619 1351 858 1400 referant
892 1351 961 1400 ad
997 1351 1206 1400 malum
1241 1359 1298 1401 et
1332 1350 1547 1400 falsum.
1626 1349 1772 1399 Tum
1807 1350 1955 1416 quod
1996 1351 2138 1400 sicut
2178 1350 2389 1400 bonum

527 1437 679 1479 amat
713 1428 973 1494 conjungi
1007 1447 1156 1488 vero,
1189 1445 1251 1479 ac
1289 1429 1549 1487 vicissim,
1581 1429 1659 1478 ita
1692 1427 1901 1478 malum
1942 1436 2094 1478 amet
2128 1427 2390 1494 conjungi

527 1506 684 1567 sa150‚
705 1523 768 1556 ac
793 1507 1050 1557 vicissim.
1114 1507 1195 1558 Ut
1219 1515 1294 1566 et,
1318 1507 1458 1557 sicut
1484 1507 1664 1556 omnis
1687 1506 2065 1571 intelligentia
2087 1513 2144 1556 et
2168 1506 2388 1571 sapien-

528 1587 605 1636 tia
627 1586 872 1636 nascitur
903 1603 975 1635 ex
1006 1583 1398 1650 conjunctione
1434 1586 1566 1635 boni
1601 1593 1658 1635 et
1688 1586 1819 1645 veri,
1851 1586 1929 1634 ita
1962 1586 2143 1634 omnis
2177 1585 2390 1634 insania

527 1672 584 1714 et
618 1664 858 1714 stultitia
886 1681 958 1714 ex
994 1662 1386 1729 conjunctione
1422 1663 1553 1713 mali
1586 1671 1643 1713 et
1672 1663 1809 1713 falsi.
1885 1661 2219 1728 Conjunc'tio
2259 1662 2388 1712 mali

527 1750 585 1792 et
613 1742 732 1792 falsi
763 1750 996 1792 vocatur
1023 1741 1341 1807 conjugium
1370 1740 1653 1791 infernale.

632 1822 742 1874 18.
795 1821 887 1870 Ex
921 1838 1005 1881 e0,
1037 1822 1186 1887 quod
1227 1820 1435 1870 malurn
1468 1828 1525 1870 et
1565 1820 1765 1870 falsum
1799 1819 1909 1870 sint
1944 1821 2206 1886 opposita
2238 1820 2390 1871 bono

527 1908 583 1950 et
616 1917 766 1960 ver0,
803 1907 962 1964 patet
1002 1900 1150 1966 quod
1185 1916 1374 1949 verum
1418 1915 1529 1949 non
1564 1898 1826 1964 conjungi
1866 1900 2044 1964 possit
2087 1899 2253 1956 ma10.
2285 1915 2387 1950 nec

526 1979 733 2028 bonum
761 1977 901 2028 falso
934 1978 1096 2039 mali3
1139 1979 1182 2027 si
1216 1994 1407 2027 verum
1448 1976 1768 2042 adjungitur
1802 1977 1968 2036 malo,
2000 1994 2111 2027 non
2152 1977 2389 2043 amplius

527 2056 585 2107 fit
608 2072 817 2116 verum,
843 2057 940 2106 sed
969 2056 1184 2114 falsum,
1211 2058 1338 2122 quia
1367 2055 1722 2105 falsificatum
1746 2073 1756 2117 ;
1799 2063 1855 2105 et
1884 2056 1927 2105 si
1956 2055 2165 2106 bonum
2193 2054 2387 2121 adjun-

525 2136 674 2200 gitur
706 2135 845 2185 falso
879 2134 1027 2195 mali,
1059 2152 1170 2185 non
1216 2134 1455 2200 amplius
1495 2133 1556 2184 fit
1597 2133 1826 2194 bonum,
1863 2134 1960 2184 sed
2001 2133 2227 2194 malum,
2262 2135 2390 2200 quia

526 2215 922 2264 adulteratum.
999 2214 1081 2264 At
1111 2213 1308 2264 falsum
1341 2230 1453 2264 non
1482 2213 1611 2263 mali
1643 2221 1836 2278 potest
1866 2213 2128 2279 conjungi
2155 2213 2324 2264 bono.

638 2307 751 2359 19.
803 2293 985 2343 Nemo
1019 2294 1108 2359 qui
1142 2294 1194 2342 in
1230 2293 1378 2344 malo
1411 2301 1468 2343 et
1502 2293 1631 2342 inde
1671 2292 1810 2342 falso
1851 2300 1938 2343 est
1978 2310 2052 2343 ex
2093 2291 2387 2343 confirma-

526 2373 678 2422 tione
712 2380 768 2422 et
802 2373 934 2431 vita,
967 2380 1158 2437 potest
1199 2373 1338 2422 scire
1372 2371 1501 2437 quid
1543 2371 1752 2421 bonum
1787 2379 1844 2421 et
1877 2387 2087 2431 verum,
2124 2372 2387 2437 quoniam

527 2452 732 2502 malum
767 2468 924 2500 suum
960 2451 1137 2501 credit
1171 2468 1292 2500 esse
1326 2450 1553 2509 bonum,
1587 2466 1650 2499 ac
1680 2449 1807 2499 inde
1841 2449 2039 2499 falsum
2073 2465 2232 2499 suum
2266 2466 2385 2500 cre-

525 2531 607 2580 dit
640 2547 762 2580 esse
790 2545 980 2579 verum
1009 2546 1019 2591 ;
1061 2537 1117 2579 at
1153 2530 1334 2579 omnis
1367 2529 1458 2594 qui
1492 2529 1546 2577 in
1579 2528 1729 2578 bono
1769 2535 1825 2578 et
1866 2528 1994 2578 inde
2023 2545 2157 2579 vero
2197 2535 2283 2578 est
2311 2545 2385 2578 ex

527 2608 954 2659 confirmatione
992 2615 1049 2658 et
1082 2609 1215 2666 vita,
1252 2615 1442 2672 potest
1482 2608 1621 2657 scire
1661 2606 1791 2673 quid
1826 2606 2032 2656 malum
2074 2614 2131 2657 et
2170 2606 2384 2656 falsum.

527 2686 706 2738 Causa
734 2695 838 2746 est,
865 2687 990 2752 quia
1012 2702 1177 2736 omne
1207 2686 1415 2735 bonum
1444 2694 1500 2735 et
1526 2685 1641 2750 ejus
1663 2702 1853 2735 verum
1876 2694 1962 2735 est
1990 2686 2043 2734 in
2073 2702 2170 2734 sua
2195 2701 2385 2735 essen-

525 2767 603 2816 tia
642 2765 904 2824 caeleste‚
930 2773 987 2815 et
1030 2765 1178 2830 quod
1220 2781 1331 2815 non
1373 2766 1425 2814 in
1456 2781 1554 2814 sua
1594 2764 1840 2814 essentia
1879 2772 1965 2814 est
2006 2763 2268 2822 caeleste,
2299 2772 2385 2814 est

524 2862 695 2911 usque
716 2862 788 2894 ex
809 2844 1020 2909 origine
1041 2842 1270 2893 caelesti
1294 2861 1304 2904 3
1341 2859 1507 2892 omne
1530 2851 1718 2892 autem
1741 2842 1946 2892 malum
1971 2851 2028 2892 et
2052 2842 2165 2907 ejus
2187 2842 2385 2892 falsum

525 2932 611 2973 est
652 2923 704 2972 in
740 2940 838 2972 sua
877 2923 1124 2972 essentia
1163 2921 1447 2979 infernale,
1479 2929 1535 2971 et
1576 2921 1723 2987 quod
1766 2937 1876 2970 non
1918 2922 1970 2970 in
2004 2938 2103 2970 sua
2142 2921 2387 2971 essentia

524 3010 609 3052 est
644 3000 928 3059 infernale,
954 3009 1040 3050 est
1074 3017 1245 3066 usque
1279 3017 1351 3049 ex
1386 3000 1599 3065 origine
1633 3000 1795 3049 inde:
1837 3015 1901 3049 ac
1935 3015 2101 3049 omne
2136 2998 2383 3050 caeleste

525 3090 609 3130 est
639 3081 692 3130 in
723 3079 863 3140 luce,
896 3087 953 3130 at
982 3094 1148 3129 omne
1181 3077 1447 3128 infernale
1481 3078 1533 3127 in
1568 3077 1830 3128 tenebris,

1191 3223 1252 3263 (Ex
1275 3231 1434 3255 ARCANJS
1456 3221 1723 3263 cmmsrinus.)

612 3318 719 3354 20.
764 3307 911 3366 Quod
936 3307 1103 3350 omnia
1125 3315 1174 3351 et
1197 3306 1388 3364 singula
1411 3306 1458 3349 in
1483 3306 1712 3350 universo
1735 3320 1786 3350 se
1810 3305 2021 3350 referant
2043 3306 2104 3349 ad
2129 3306 2313 3350 bonum
2337 3314 2387 3350 et

523 3381 707 3416 verum,
734 3376 782 3410 et
810 3367 870 3410 ad
899 3367 1080 3409 malum
1110 3375 1158 3409 et
1186 3366 1387 3414 falsum:
1433 3365 1514 3407 illa
1539 3378 1664 3421 quae
1692 3365 1962 3408 secundum
1993 3364 2226 3407 Divinum
2254 3364 2386 3408 ordi-

526 3440 635 3470 nem
661 3435 775 3468 sunt
800 3434 847 3468 et
868 3425 1004 3474 fiunt,
1023 3425 1085 3468 ad
1108 3425 1293 3467 bonurn
1318 3432 1366 3467 et
1383 3437 1552 3466 verum
1571 3438 1580 3473 ;
1615 3423 1695 3466 illa
1717 3431 1880 3466 autem
1904 3437 2028 3479 quae
2051 3431 2224 3466 contra
2248 3422 2386 3466 Divi-

526 3499 642 3527 num
667 3485 905 3532 ordinem,
930 3484 990 3526 ad
1021 3483 1202 3526 malum
1231 3491 1280 3526 et
1306 3482 1481 3526 falsum
1511 3484 1576 3537 (n.
1602 3481 1756 3537 2451[?
1781 3482 1927 3536 2452],
1952 3482 2079 3536 3166.
2102 3493 2231 3536 4390,
2253 3493 2383 3536 4409,

528 3554 652 3598 5232,
677 3543 804 3597 7256,
834 3543 1008 3596 10122).
2219 3551 2229 3562 ·

615 3600 690 3644 Ita
714 3601 843 3657 apud
872 3601 1123 3643 hominem
1147 3600 1209 3643 ad
1235 3597 1538 3642 intellec'tum
1562 3606 1611 3642 et
1632 3599 1952 3648 voluntatem,
1977 3599 2212 3655 quoniam
2241 3598 2386 3642 intel-

527 3658 682 3703 lectus
706 3659 920 3702 hominis
938 3667 1013 3702 est
1036 3656 1275 3715 recipiens
1297 3658 1398 3701 veri
1425 3666 1509 3701 aut
1531 3657 1652 3707 falsi,
1676 3671 1733 3700 ac
1750 3657 1978 3701 voluntas
2002 3657 2241 3714 recipiens
2264 3657 2380 3701 boni

524 3727 607 3761 aut
632 3718 745 3761 mali
771 3720 836 3772 (n.
861 3718 1037 3772 10122).
