2430 4256
489 425 818 468 COLLECTA
857 425 940 465 DE
980 425 1284 466 ADVENTU
1322 425 1705 467 DOM1N1.—N.
1732 415 1816 467 60.
2019 428 2087 483 77

435 579 517 608 nes
547 579 692 618 reges,
726 578 885 606 omnes
914 573 1072 618 gentes
1104 566 1303 606 servient
1334 565 1455 618 Ipsi:
1490 566 1594 619 quia
1622 567 1826 608 liberabit
1855 568 2083 618 miserum,

436 622 506 662 cui
535 634 628 662 non
653 621 890 662 auxilians.
954 651 965 663 .
988 651 997 662 .
1019 651 1029 662 .
1052 651 1062 662 .
1123 621 1166 660 A
1194 621 1299 660 dolo
1329 629 1374 661 et
1403 622 1618 662 violentia
1638 619 1865 663 redimetv]
1887 624 2086 664 animam

436 689 605 718 eorum.
668 706 679 717 .
701 706 711 717 .
733 706 743 716 .
765 706 775 717 .
839 675 934 716 Erit
963 687 1130 715 nomen
1154 674 1301 726 Ipsius
1331 676 1378 716 in
1407 685 1667 722 aeternum:
1703 685 1806 717 ante
1836 678 1977 717 solem
2008 690 2088 718 no-

435 743 539 771 men
555 730 652 771 Filii
668 730 861 778 habebit,
879 738 923 770 et
939 730 1284 770 benedicentur'
1273 743 1319 770 m
1335 730 1489 772 Eo..
1511 762 1520 772 .
1543 762 1552 772 .
1575 762 1584 772 .
1649 730 1916 772 Benediekus
1936 730 2088 785 [Jeho-

434 782 543 839 vah]
567 785 703 831 Deus.
725 784 848 825 Deus
871 784 1079 831 Israelis:
1111 816 1122 826 .
1139 815 1149 826 .
1169 815 1179 826 .
1197 815 1207 826 .
1222 783 1506 825 benedidtum
1529 798 1694 826 nomen
1717 787 1885 837 gloriae
1910 786 2086 838 Ipsius;

527 840 811 891 ,implebitur
843 840 990 890 gloria
1026 839 1171 891 Ipsius
1206 837 1398 880 omnisffl
1431 848 1560 881 terra.
1641 842 1787 881 Amen
1823 849 1868 882 et
1901 840 2086 882 Amen''

436 894 621 945 (Psalm.
641 894 762 934 lxxii.
786 894 923 946 1-19.)

304 949 335 971 ‘⁸
350 945 550 1002 pepigit*
571 949 730 989 foedus
754 907 909 988 ΕῙεόὲο
930 961 1058 990 meo:
1093 980 1102 990 .
1124 979 1134 990 .
1157 979 1167 990 .
1189 979 1198 990 .
1222 948 1274 988 In
1305 956 1535 988 aeternum
1557 962 1696 1001 usque
1725 950 1911 990 firmabo
1932 963 2086 991 semen

437 1011 578 1052 tuum,
614 1011 659 1044 et
691 1003 936 1044 aedificabo
971 1003 1017 1043 in
1052 1004 1392 1055 generationem
1425 1012 1470 1044 et
1502 1005 1838 1055 generationem
1872 1005 2084 1046 thronum

436 1065 588 1108 tuum;
621 1089 630 1100 .
653 1089 663 1099 .
685 1089 695 1099 .
717 1088 727 1099 .
745 1065 790 1098 et
818 1057 1151 1098 confitebuntur
1179 1058 1289 1098 caeli
1324 1058 1536 1098 miracula
1566 1058 1680 1099 tua''
1709 1059 1891 1110 (Psalm.
1916 1060 2082 1102 lxxxix.

436 1123 478 1164 4,
500 1121 538 1163 5.
558 1113 584 1153 ⁶
603 1110 679 1167 [B·
699 1113 757 1153 A·
779 1122 817 1162 3,
837 1123 877 1162 4.
900 1112 953 1164 5)-

973 1582 1144 1642 [Cetera
1163 1581 1350 1640 desunt]
