2430 4256
409 430 471 495 58
503 469 507 473 .
1192 439 1476 480 conoms.

404 581 696 648 agnitione
725 581 830 632 Dei
861 588 948 632 est
981 581 1035 631 in
1064 578 1371 647 conspectu
1398 580 1728 646 angelorum
1756 580 1950 631 brutus
1978 580 2120 631 sicut
2152 579 2264 631 fera

404 660 595 722 silvae,
631 668 727 711 aut
761 661 905 711 sicut
944 659 1061 710 avis
1095 657 1292 719 no&iS,
1328 667 1424 709 aut
1459 660 1601 709 sicut
1641 658 1806 709 belua
1838 659 2035 721 maris;
2093 659 2265 710 immo

403 739 576 790 homo
604 738 814 805 absque
847 738 1138 804 agnitione
1172 737 1278 788 Dei
1310 745 1396 788 est
1430 738 1573 788 sicut
1601 737 1765 788 arbor
1792 737 1943 803 cujus
1970 738 2108 788 rami
2134 740 2265 789 sunt

401 818 649 878 abscissi,
685 826 742 868 et
783 817 1003 868 caudex
1040 814 1331 877 dissectuS,
1367 824 1424 867 et
1465 817 1652 867 omnia
1691 815 1855 866 simul
1894 823 2172 883 congesta
2208 816 2264 867 in

402 905 614 948 struem
646 903 992 947 reservatam
1031 895 1179 961 igni;
1220 911 1351 946 nam
1381 895 1516 946 dicit
1550 895 1843 955 DominuS,

485 1037 622 1076 “Sine
639 1036 712 1075 Me
728 1048 819 1074 non
834 1035 1019 1086 potestis
1033 1035 1178 1074 facere
1192 1035 1423 1086 quicquam
1442 1047 1450 1083 ;
1482 1035 1567 1074 nisi
1584 1035 1681 1086 quis
1698 1034 1912 1074 manserit
1927 1034 1973 1074 in
1988 1032 2078 1083 Me,
2096 1032 2265 1086 ejectus

617 1098 685 1130 est
714 1090 835 1130 foras
857 1091 968 1129 sicut
998 1090 1168 1140 palmes
1190 1098 1234 1129 et
1253 1087 1488 1137 arefadius,
1513 1097 1557 1129 et
1577 1090 1792 1140 colligunt
1812 1089 1951 1135 illum,
1975 1096 2021 1130 et
2047 1089 2093 1130 in
2114 1089 2264 1141 ignem

616 1144 860 1195 conjiciunt
880 1145 1017 1193 illum,
1043 1153 1087 1184 et
1107 1145 1379 1184 comburitur
1393 1144 1416 1159 '’
1438 1143 1562 1197 (Joh.
1583 1157 1655 1184 xv·
1678 1154 1714 1193 5,
1735 1144 1790 1195 6).

402 1281 592 1333 Homo
633 1282 844 1349 absque
884 1282 1176 1348 agnitione
1223 1281 1328 1332 Dei
1373 1282 1524 1333 intus
1571 1281 1756 1348 quoad
1803 1281 2102 1332 rationalia
2145 1298 2262 1343 sua,

398 1369 485 1412 est
526 1362 670 1412 sicut
709 1361 907 1412 rudera
939 1361 1086 1411 urbis
1118 1362 1414 1424 incensae;
1462 1367 1519 1411 et
1553 1377 1772 1427 quoque
1806 1367 1892 1411 est
1925 1361 2068 1411 sicut
2108 1360 2263 1411 cibus

397 1456 430 1489 a
462 1457 571 1506 quo
604 1440 736 1490 dum
770 1441 1067 1491 nutricium
1099 1439 1214 1505 ejus
1247 1439 1523 1490 elixatum
1558 1447 1663 1500 est,
1694 1438 1903 1489 fatiscit
1936 1439 1991 1489 in
2023 1440 2262 1507 sterqui-

398 1518 608 1569 linium.
686 1519 763 1569 Et
797 1520 873 1569 sic
909 1535 1090 1584 porro

501 1598 622 1665 48.
674 1596 786 1648 Sed
842 1596 1186 1664 impossibile
1239 1604 1326 1647 est
1378 1604 1438 1647 ut
1495 1595 1668 1646 homo
1721 1597 1898 1663 possit
1950 1612 2261 1663 agnoscere

399 1676 582 1727 Deum
623 1684 680 1727 et
721 1675 928 1742 aliquid
976 1675 1130 1741 Ejus,
1170 1676 1275 1725 nisi
1322 1675 1476 1726 Deus
1517 1674 1588 1726 Se
1627 1676 1682 1725 in
1723 1674 2008 1726 Personali
2056 1675 2263 1727 Forma

400 1755 666 1805 Humana
699 1754 1174 1805 manifestaverit:
1219 1761 1419 1804 natura
1449 1755 1599 1804 enim
1640 1754 1831 1804 mundi
1870 1754 2261 1806 circumfundit

395 1833 570 1895 illum,
606 1841 664 1885 et
705 1850 818 1884 non
850 1833 1023 1894 videt,
1055 1834 1229 1884 sentit
1262 1840 1320 1884 et
1361 1833 1535 1899 spirat
1568 1833 1866 1899 quicquam
1905 1849 2071 1899 quam
2111 1833 2261 1900 quod

395 1913 524 1963 inde
558 1920 663 1974 est,
707 1920 765 1963 et
805 1913 992 1978 tangit
1033 1928 1247 1978 organa
1287 1912 1537 1978 corporis
1573 1910 1723 1976 ejus;
1778 1911 1907 1961 inde
1948 1927 2107 1962 mens
2145 1911 2261 1977 ejus

395 1993 642 2059 concipit
675 1999 732 2042 et
765 1992 994 2058 suscipit
1026 1990 1319 2051 rationale,
1354 1990 1504 2057 quod
1543 1991 1598 2040 in
1631 1990 1817 2040 medio
1851 1989 2101 2040 Naturae
2132 2007 2259 2056 gre-

395 2071 507 2122 mio
533 2070 704 2137 jacet,
739 2071 881 2122 sicut
914 2070 1148 2136 embryo
1178 2070 1234 2121 in
1268 2077 1464 2133 utero;
1506 2085 1608 2120 nec
1643 2069 1798 2120 videt
1830 2069 2126 2136 quicqua-m
2158 2085 2260 2120 an-

395 2158 623 2216 tequam
656 2151 902 2209 enititur,
937 2157 995 2200 et
1028 2150 1232 2216 accipit
1265 2149 1459 2199 visum.
1537 2146 1839 2214 Quomodo
1867 2148 2056 2215 itaque
2087 2148 2260 2200 homo

394 2229 447 2278 in
488 2228 592 2279 hoc
634 2236 788 2279 statu
828 2227 1014 2294 aliquo
1054 2229 1223 2278 modo
1263 2235 1454 2294 potest
1494 2227 1838 2292 transpicere
1872 2225 2165 2287 Naturam,
2200 2235 2258 2279 et

393 2324 704 2373 agnoscere
744 2306 950 2373 aliquid
997 2307 1145 2372 quod
1193 2323 1357 2372 supra
1402 2305 1556 2356 illam
1602 2314 1707 2366 est,
1749 2304 1912 2371 quale
1958 2313 2045 2356 est
2091 2323 2259 2358 omne

395 2385 676 2445 Divinum,
713 2385 976 2446 caeleste,
1012 2393 1070 2436 et
1110 2384 1413 2452 spirituale,
1450 2392 1507 2435 et
1547 2384 1676 2434 inde
1717 2400 1883 2434 omne
1915 2383 2256 2450 religiosum,

393 2482 535 2531 quae
587 2466 640 2515 in
693 2482 752 2515 se
805 2473 935 2516 sunt
986 2482 1152 2531 supra
1198 2463 1509 2515 naturalia?
1595 2461 1954 2529 Quapropter
1997 2463 2258 2515 absoluta

394 2545 701 2594 necessitas
735 2551 821 2594 est
855 2551 915 2594 ut
957 2543 1109 2594 Deus
1143 2542 1215 2594 Se
1248 2542 1588 2602 manifestet,
1623 2550 1680 2592 et
1721 2542 1796 2592 sic
1839 2541 1911 2592 Se
1949 2541 2115 2593 saciat
2155 2559 2256 2609 ag-

393 2623 566 2680 nosci,
596 2639 660 2673 ac
695 2630 824 2688 post
854 2623 1204 2710 agnitionem
1232 2623 1463 2688 inspiret
1491 2621 1646 2671 illum
1682 2620 1886 2670 Divino
1914 2638 2014 2671 suo
2042 2620 2253 2682 afflatu,

392 2708 448 2751 et
489 2718 586 2790 per
618 2701 763 2751 hunc
797 2709 1088 2766 receptum
1121 2701 1174 2751 in
1209 2701 1377 2751 corde
1410 2700 1580 2750 ducat
1613 2698 1786 2759 illum,
1822 2707 1880 2749 et
1920 2699 2151 2750 tandem
2184 2699 2255 2750 ad

393 2778 464 2830 Se
503 2780 558 2829 in
599 2779 849 2842 caelum;
905 2779 1054 2846 quod
1095 2795 1447 2846 nequaquam
1487 2777 1601 2828 fieri
1641 2785 1850 2844 potest,
1893 2778 1996 2828 nisi
2035 2795 2133 2844 per
2170 2779 2254 2828 in-

391 2857 745 2909 structiones.
823 2858 1028 2909 Nonne
1074 2859 1246 2908 etiam
1298 2859 1604 2924 imperator
1649 2865 1706 2907 et
1758 2874 1859 2907 rex
1906 2874 1964 2907 se
2017 2858 2254 2923 primum

390 2937 558 2988 faciet
604 2938 838 3003 agnosci
883 2945 941 2988 et
988 2938 1244 2988 coronari
1291 2944 1594 3003 antequam
1641 2936 1959 3002 auspicatur
2003 2936 2254 3002 regimen

391 3017 586 3067 suum?
641 3017 813 3067 etiam
853 3024 1159 3083 antequam
1199 3022 1518 3075 coronatur,
1554 3015 1862 3080 insignibus
1901 3014 2131 3064 dominii
2170 3015 2253 3065 in-

391 3096 639 3155 struitur,
681 3103 738 3146 et
785 3096 993 3156 amicit,
1040 3112 1103 3146 ac
1151 3095 1329 3160 ungit,
1373 3093 1793 3144 confoederabit
1839 3093 1941 3143 sibi
1986 3092 2251 3159 populum

390 3191 487 3240 per
526 3172 691 3240 pac'ta
724 3183 1006 3225 conventa
1039 3175 1295 3240 utrinque
1323 3173 1541 3238 jurata?
1595 3190 1704 3238 quo
1737 3169 1883 3222 facto
1916 3171 2152 3238 populus
2190 3170 2253 3223 fit

379 3253 555 3318 ,regiS,
591 3261 648 3303 et
687 3270 789 3303 rex
822 3251 1027 3319 populi.
1106 3251 1309 3302 Nonne
1343 3268 1579 3318 sponsus
1612 3267 1671 3300 se
1704 3251 1940 3316 primum
1972 3249 2138 3300 faciet
2170 3250 2251 3300 vi-

389 3332 505 3382 deri
528 3339 831 3398 antequam
855 3331 1117 3397 proponit
1141 3331 1655 3396 desponsationem,
1681 3338 1737 3380 et
1767 3336 1965 3395 postea
1992 3328 2251 3394 nuptias?

390 3409 603 3460 Annon
643 3418 803 3476 pater
843 3426 1032 3460 coram
1073 3427 1172 3459 suo
1211 3408 1422 3459 infante
1462 3410 1642 3468 sistet,
1685 3407 1838 3457 illurn
1879 3404 2252 3473 amplectetur

388 3496 445 3539 et
479 3487 838 3549 osculabitur,
870 3496 1174 3554 antequam
1208 3487 1386 3538 infans
1415 3494 1606 3553 potest
1639 3486 1842 3545 dicere,
1876 3483 2111 3545 “Abba,
2142 3484 2248 3535 Pa-

388 3575 475 3618 ter
493 3567 539 3616 ?”
614 3567 692 3617 Et
738 3567 814 3617 sic
862 3584 1042 3633 porro.
1119 3565 1324 3617 Adhuc
1372 3565 1494 3632 plus
1541 3565 1815 3615 Dominus
1858 3563 2113 3629 Jehovih,
2157 3563 2247 3630 qui

388 3653 474 3696 est
506 3645 691 3696 “Rex
719 3662 913 3711 regum
943 3653 1000 3695 et
1035 3644 1309 3695 Dominus
1338 3643 1729 3695 dominorum”
1756 3641 1948 3708 (Apoc.
1977 3642 2108 3692 xvii.
2138 3639 2244 3708 14),

389 3723 680 3775 Ecclesiae
722 3723 972 3791 Sponsus
1012 3731 1069 3775 et
1110 3722 1347 3774 Maritus
1384 3722 1576 3789 (Apoc.
1607 3722 1725 3772 xxi.
1758 3719 1836 3788 9),
1867 3729 1924 3772 et
1963 3721 2091 3772 inde
2124 3735 2216 3771 om
