2496 4250
397 424 620 466 NovuM
659 424 917 464 CAELUM
958 424 1035 463 ET
1076 424 1297 465 NOVUM
1338 425 1821 467 INFERNUM.—N.
1857 416 1931 468 16.
2031 430 2093 484 25

229 577 287 622 et
319 568 467 636 apud
497 567 729 619 Petrum
750 585 770 617 .·

313 702 342 720 ‘⁸
357 699 511 741 Novos
533 699 679 739 caelos
701 706 745 738 et
766 711 929 738 novam
954 706 1116 738 terram
1138 698 1264 749 juxta
1285 699 1629 750 promissionem
1654 683 1843 753 [Ipsius]
1867 699 2094 752 exspecta-

443 766 557 803 mus,
582 754 628 794 in
650 754 807 806 quibus
827 753 999 804 justitia
1018 753 1271 793 habitabit’'
1293 754 1334 804 (2
1354 754 1496 807 Epist.
1522 754 1582 795 iii.
1607 755 1687 806 13).

228 881 521 937 Hactenus
554 898 666 933 non
699 881 863 932 aliter
902 881 956 931 in
990 880 1219 948 alicujus
1252 889 1503 933 mentem
1536 883 1709 944 venit,
1745 899 1912 950 quam
1945 884 2093 951 quod

225 981 324 1033 per
357 960 662 1014 “caelum”
694 961 767 1011 ibi
806 959 1160 1026 intelligatur
1191 960 1409 1012 caelum
1442 959 1803 1028 aspectabile,
1839 961 1946 1013 hoc
1986 971 2091 1023 est,

225 1050 410 1095 totum
449 1040 882 1100 firmamentum,
925 1056 1050 1090 cum
1091 1038 1228 1101 sole,
1270 1039 1418 1100 luna,
1460 1042 1657 1103 astris;
1713 1048 1769 1091 et
1810 1041 1958 1107 quod
1999 1058 2095 1107 per

227 1120 522 1174 “terram”
561 1120 633 1171 ibi
672 1117 1022 1185 intelligatur
1060 1126 1210 1169 terra
1254 1119 1574 1170 habitabilis
1614 1137 1710 1170 seu
1764 1119 1973 1183 tellus;
2039 1129 2095 1171 et

225 1200 375 1268 quod
402 1199 542 1251 haec
566 1199 656 1250 die
678 1197 879 1250 Ultimi
906 1197 1104 1264 Judicii
1131 1198 1424 1248 interitura
1447 1199 1558 1249 sint
1580 1216 1590 1249 z
1635 1215 1759 1249 cum
1783 1207 1973 1249 tamen
1997 1216 2094 1265 per

227 1278 532 1330 “caelum”
570 1278 643 1328 ibi
682 1276 1015 1343 intelligitur
1054 1276 1270 1328 caelum
1310 1277 1645 1342 angelicum,
1688 1285 1744 1328 et
1792 1295 1889 1344 per
1931 1282 2090 1328 “ter-

222 1357 381 1410 ram”
414 1357 686 1409 Ecclesia.
764 1355 930 1422 Quod
970 1373 1068 1422 per
1102 1361 1361 1406 “terram
1378 1356 1400 1374 '³
1434 1358 1487 1406 in
1522 1356 1715 1407 Verbo
1756 1357 2092 1422 Prophetico

225 1435 401 1487 ubivis
453 1434 804 1500 intelligatur
855 1433 1132 1494 Ecclesia,
1186 1436 1240 1485 in
1291 1435 1638 1501 Apocalypsi
1686 1435 1955 1486 Revelata
2014 1434 2090 1503 (n.

224 1511 350 1580 285)
387 1512 552 1580 plene
579 1521 869 1563 ostensum
902 1521 1006 1564 est.
1083 1513 1266 1565 Causa
1297 1514 1446 1581 quod
1481 1532 1577 1581 per
1608 1514 1843 1565 “caelos
1876 1532 2054 1565 novos
2069 1515 2094 1534 ”

223 1601 282 1648 et
336 1597 599 1644 “terram
655 1609 860 1643 novam
883 1591 907 1610 ”
958 1590 1231 1644 hactenus
1286 1594 1674 1645 intellexerint
1731 1593 1947 1645 caelum
2003 1612 2091 1645 as-

223 1669 503 1740 pectabile
553 1680 610 1723 et
661 1680 870 1723 terram
921 1671 1306 1734 habitabilem,
1355 1682 1440 1724 est
1488 1674 1616 1740 quia
1659 1671 1931 1724 hactenus
1978 1690 2091 1725 non

222 1751 488 1802 sciverint
538 1751 745 1818 aliquid
803 1751 872 1801 de
925 1751 1135 1802 mundo
1186 1752 1475 1818 spirituali,
1528 1754 1607 1803 ita
1658 1769 1759 1803 nec
1813 1753 1882 1803 de
1934 1753 2091 1804 caelo

222 1830 500 1898 angelico,
534 1847 636 1881 nec
674 1829 879 1896 aliquid
913 1830 984 1880 de
1016 1847 1182 1882 sensu
1221 1831 1573 1898 prophetic0,
1609 1833 1698 1899 qui
1738 1832 1791 1881 in
1833 1833 1952 1882 sinu
1991 1850 2091 1883 suo

223 1926 338 1961 non
370 1909 472 1960 nisi
511 1925 678 1976 quam
718 1908 1024 1974 spiritualia
1053 1918 1245 1976 gestat
1284 1919 1342 1961 et
1382 1911 1668 1974 recondit;
1708 1927 1772 1961 ac
1806 1911 2091 1976 spirituale

225 1987 502 2040 “terrae'’
553 1995 641 2039 est
698 1986 971 2038 Ecclesia.
1084 1988 1298 2055 Angeli
1354 1990 1543 2050 etiam,
1597 1990 1724 2056 quia
1775 1989 2090 2055 spirituales

224 2075 372 2128 sunt,
407 2083 533 2119 cum
567 2067 881 2134 despiciunt
922 2068 976 2117 in
1017 2075 1243 2129 terram,
1279 2086 1349 2119 ne
1382 2067 1556 2119 hilum
1596 2068 1710 2134 ejus
1741 2069 1955 2130 vident,
1990 2068 2089 2119 sed

225 2147 396 2198 modo
429 2145 747 2197 Ecclesiam
781 2146 927 2212 apud
960 2145 1234 2198 homines,

329 2238 440 2294 15.
491 2224 658 2292 Quod
688 2225 961 2275 Dominus
981 2225 1239 2291 Jehovih‚
1265 2243 1390 2276 cum
1419 2227 1612 2277 condit
1641 2225 1856 2276 caelum
1882 2241 2088 2294 novum

209 2303 283 2357 'et
323 2304 639 2356 Ecclesiam
673 2321 894 2363 novam,
932 2305 1090 2355 indat
1132 2305 1385 2356 ordinem
1426 2314 1486 2355 ut
1526 2312 1679 2355 stent
1720 2304 1822 2354 sub
1854 2321 1953 2354 suo
1992 2321 2087 2354 au-

224 2383 399 2450 spicio
449 2390 507 2433 et
558 2399 657 2433 sua
708 2383 1028 2434 obedientia
1083 2385 1138 2433 in
1194 2393 1503 2445 aeternum,
1557 2391 1643 2434 est
1696 2384 1822 2450 quia
1873 2381 2088 2433 caelum

225 2461 540 2528 angelicum
573 2469 631 2512 et
664 2461 922 2512 Ecclesia
953 2463 1007 2512 in
1041 2464 1202 2514 terris
1234 2463 1442 2514 faciunt
1475 2463 1635 2513 simul
1673 2479 1840 2512 unum
1870 2479 2086 2527 corpuS,

225 2540 376 2608 cujus
415 2539 626 2591 Anima
670 2549 727 2591 et
767 2541 905 2592 Vita
945 2550 1032 2593 est
1079 2542 1354 2592 Dominus
1391 2541 1647 2608 Jehovih‚
1700 2542 1790 2608 qui
1837 2549 1922 2591 est
1970 2541 2087 2591 Do-

223 2620 404 2670 minus
437 2627 629 2670 noster
656 2618 932 2671 Salvator.
1010 2621 1348 2672 Universum
1383 2621 1598 2672 caelum
1631 2620 1946 2686 angelicum
1981 2636 2088 2669 una

225 2715 351 2750 curn
402 2697 659 2749 Ecclesia
709 2700 880 2750 etiam
931 2716 1120 2750 coram
1173 2700 1418 2750 Domino
1469 2707 1703 2766 apparet
1755 2700 1897 2750 sicut
1949 2715 2087 2748 unus

225 2777 431 2840 h0m03
495 2786 554 2828 et
609 2777 780 2828 homo
833 2787 947 2829 stat
1005 2779 1107 2829 sub
1163 2779 1411 2845 auspicio
1467 2787 1524 2829 et
1581 2778 1901 2829 obedientia
1956 2795 2087 2828 suae

225 2856 479 2919 animae;
518 2856 598 2907 ita
629 2863 814 2908 totum
847 2857 1064 2908 caelum
1105 2875 1213 2907 una
1252 2874 1378 2908 cum
1417 2857 1675 2908 Ecclesia
1710 2857 1811 2907 sub
1843 2856 2087 2922 auspicio

225 2942 283 2988 et
316 2935 640 2987 obedientia
672 2935 916 2997 Domini,
952 2945 1038 2987 est
1073 2938 1220 2987 enim

309 3064 529 3105 Dominus
546 3065 600 3171 ἰὲι)
613 3065 700 3106 illis
721 3074 764 3106 et
785 3053 847 3106 illi
869 3067 913 3106 in
938 3067 1135 3106 Domino
1152 3066 1276 3119 (Jolz.
1297 3067 1384 3106 xiV.
1407 3077 1484 3115 2o;
1516 3079 1608 3117 cap.
1631 3079 1702 3106 xv.
1722 3077 1761 3115 4,
1785 3076 1804 3115 5
1824 3078 1833 3113 3
1864 3078 1958 3116 cap.
1979 3066 2083 3104 xvii.

444 3129 510 3169 232
531 3130 555 3159 2
605 3151 614 3168 ,

225 3241 307 3294 ita
345 3239 569 3293 omnisffl
607 3242 663 3292 in
703 3243 960 3293 omnibus
1000 3237 1088 3292 ibi.
1181 3239 1336 3291 Ordo
1376 3246 1564 3289 autem
1608 3252 1773 3303 quem
1814 3235 2086 3285 Dominus

225 3320 439 3372 inducit
477 3321 709 3382 inferno,
747 3330 834 3372 est
875 3329 935 3371 ut
976 3317 1161 3371 cuncti
1200 3319 1273 3368 ibi
1312 3336 1342 3368 e
1381 3317 1657 3367 diametro
1697 3313 1937 3380 oppositi
1976 3312 2086 3362 sint

226 3397 438 3450 cunctis
469 3400 525 3450 in
553 3399 742 3450 caelo:
785 3399 933 3449 unde
961 3406 1120 3465 patet
1149 3396 1297 3464 quod
1326 3396 1453 3462 quia
1486 3394 1758 3444 Dominus
1786 3391 1930 3456 regit
1959 3406 2086 3440 cae-

227 3475 340 3528 lum
370 3478 540 3529 etiam
573 3486 733 3544 regat
766 3478 1056 3536 infernum,
1092 3484 1148 3526 et
1181 3474 1330 3542 quod
1364 3474 1469 3528 hoc
1503 3489 1600 3538 per
1631 3469 1782 3520 illud.

332 3556 446 3608 16.
497 3556 794 3607 Praeterea
838 3564 926 3606 est
971 3552 1372 3621 perfectissima
1416 3549 1694 3601 ordinatio
1740 3547 1986 3598 omnium
2032 3545 2086 3595 in

228 3633 397 3684 caelis
447 3642 504 3685 et
556 3635 804 3686 omniurn
860 3634 916 3684 in
973 3633 1213 3683 infernis,
1315 3628 1623 3695 Quodlibet
1674 3626 1821 3676 enim
1872 3623 2087 3675 caelum

229 3711 379 3778 quod
419 3729 451 3763 a
491 3713 738 3763 Domino
778 3720 908 3778 post
942 3709 1485 3762 consummationem
1522 3704 1759 3771 cujusvis
1800 3702 2088 3754 Ecclesiae
