2430 4256
476 446 556 486 DE
585 445 864 485 SAECULO
892 444 1104 485 AUREO
1133 445 1698 484 MEMORABILE.—-N.
1731 447 1808 499 37.
2002 449 2072 499 49

270 595 297 613 “
315 587 372 632 In
405 588 571 631 eundo
595 586 696 630 vidi
729 600 756 630 e
789 586 1066 643 longinquo
1088 594 1189 629 tres
1213 598 1392 642 pueros
1425 594 1475 629 et
1507 594 1607 630 tres
1631 586 1817 642 puellas
1840 588 2070 632 sedentes

211 649 275 692 ad
296 647 497 704 Januam
521 646 596 690 sui
620 645 951 694 tabernaculi;
985 645 1071 688 sed
1096 644 1165 687 illi
1189 654 1239 688 et
1263 645 1387 694 illae,
1412 658 1524 688 cum
1547 645 2069 702 appropinquavimus,

213 707 305 750 visi
327 714 445 749 sunt
467 705 595 748 sicut
618 703 708 747 viri
742 712 792 747 et
826 703 1056 747 mulieres
1090 704 1282 747 mediae
1304 711 1538 747 staturae.
1604 704 1665 747 Et
1698 704 1823 747 dixit
1854 707 2070 762 angelus,

212 764 426 809 ‘Omnes
450 763 640 806 incolae
675 762 823 830 hujus
847 762 1032 805 montis
1055 771 1295 819 apparent
1326 775 1353 806 e
1386 762 1660 819 longinquo
1683 763 1810 806 sicut
1844 764 2070 813 infantes,

210 823 329 881 quia
345 823 394 865 in
414 830 546 866 statu
563 821 877 864 innocentiae
892 829 1021 870 sunt,
1037 834 1094 864 ac
1112 820 1319 864 infantia
1332 829 1408 864 est
1425 822 1713 878 apparentia
1730 822 2071 867 innocentiae.’

300 880 408 924 “Hi
451 880 542 924 viri
581 879 723 923 nobis
759 879 873 922 visis
910 889 1241 929 accurrerunt,
1275 888 1326 923 et
1363 880 1610 930 dixerunt,
1645 880 1817 924 ‘Unde
1856 882 1987 932 estis,
2022 892 2072 926 et

209 940 466 1014 quomodo
498 939 596 982 huc
626 937 867 982 venistis?
913 937 1083 982 Facies
1105 946 1299 982 vestrae
1333 952 1432 982 non
1465 947 1582 982 sunt
1614 953 1640 983 e
1673 939 1891 984 faciebus
1925 941 2071 997 huJ’us

214 998 428 1043 montis.'

300 1057 410 1100 “At
439 1056 644 1113 angelus
667 1055 848 1106 retulit,
873 1063 924 1098 et
956 1055 1173 1098 narravit
1205 1056 1400 1112 copiam
1433 1069 1658 1100 accessus
1691 1071 1778 1124 per
1808 1057 1998 1108 silvam,
2023 1069 2071 1102 et

209 1119 408 1160 causam
431 1115 688 1158 adventus.
752 1113 944 1172 Quibus
966 1114 1164 1164 auditis,
1188 1129 1315 1158 unus
1348 1129 1408 1158 ex
1440 1115 1598 1158 tribus
1621 1116 1739 1159 viris
1763 1116 1991 1160 invitavit
2023 1128 2072 1160 et

212 1173 490 1218 introduxit
513 1187 604 1217 nos
623 1173 672 1216 in
694 1173 1067 1216 tabernaculum
1091 1186 1251 1216 suum.
1315 1173 1404 1216 Vir
1424 1182 1529 1217 erat
1554 1174 1756 1218 indutus
1781 1175 1931 1231 pallio
1955 1176 2018 1233 hy
2023 1191 2072 1219 a—

209 1229 420 1277 cinthini
439 1232 631 1282 coloris,
651 1245 708 1275 ac
724 1231 893 1274 tunica
915 1245 975 1274 ex
994 1231 1106 1274 lana
1127 1232 1351 1275 candida.
1418 1232 1480 1275 Et
1498 1233 1604 1289 eJ‘us
1623 1247 1748 1276 uxor
1765 1243 1870 1277 erat
1893 1234 2072 1278 amiCta

211 1301 330 1349 toga
351 1304 608 1348 purpurea,
633 1299 683 1334 et
706 1291 876 1333 subter
896 1290 1067 1333 tunica
1089 1289 1326 1346 pectorali
1350 1305 1411 1334 ex
1433 1292 1580 1348 bysso
1603 1291 1846 1348 acupicto.

302 1351 410 1393 “At
423 1349 539 1406 quia
554 1349 601 1392 in
617 1349 922 1406 cogitatione
937 1362 1046 1392 mea
1060 1357 1166 1392 erat
1180 1349 1480 1393 desiderium
1494 1352 1826 1407 cognoscendi
1842 1352 1954 1408 conj
1961 1353 2073 1409 ugia

209 1408 681 1476 antiquissimorum,
707 1408 932 1451 intuebar
955 1421 1040 1463 per
1060 1408 1194 1451 vices
1218 1409 1449 1452 maritum
1474 1417 1524 1452 et
1547 1423 1765 1459 uxorem,
1785 1419 1835 1453 et
1852 1411 2072 1454 animad-

210 1467 336 1511 verti
368 1467 508 1524 quasi
540 1466 784 1510 unitatem
808 1466 1084 1510 animarum
1119 1466 1316 1510 illorum
1352 1467 1401 1510 in
1435 1466 1677 1516 faciebus:
1723 1477 1772 1511 et
1806 1470 1920 1519 dixi,
1947 1470 2072 1514 ‘Vos

211 1526 321 1572 duo·
336 1525 456 1570 estis
479 1525 663 1568 unum.’

301 1591 326 1608 “
345 1585 408 1628 Et
440 1584 695 1641 respondit
725 1583 814 1634 vir,
839 1591 848 1606 ⁴
869 1583 1050 1628 Sumus
1083 1599 1264 1634 unum:
1299 1593 1375 1629 est
1399 1585 1530 1628 illius
1553 1585 1656 1629 vita
1689 1586 1737 1628 in
1762 1601 1853 1636 me,
1881 1595 1931 1630 et
1965 1602 2074 1631 mea

213 1643 262 1687 in
293 1643 397 1694 illa;
430 1657 599 1687 sumus
622 1643 723 1685 duo
745 1657 965 1710 corpora,
990 1644 1076 1687 sed
1100 1658 1198 1687 una
1219 1644 1408 1695 anima;
1441 1652 1518 1687 est
1540 1644 1658 1687 unio
1682 1645 1811 1688 inter
1834 1660 1924 1689 nos
1947 1647 2073 1689 sicut

210 1710 286 1746 est
298 1702 507 1746 duorum
526 1702 855 1745 tentoriorum
881 1702 929 1744 in
954 1701 1166 1758 pectore,
1191 1716 1316 1760 quae
1333 1711 1576 1746 vocantur
1592 1716 1677 1746 cor
1691 1712 1741 1747 et
1763 1706 1957 1772 pulmo;
1993 1706 2074 1748 illa

210 1769 286 1806 est
317 1761 648 1818 parenchyma
671 1761 766 1804 mei
789 1761 967 1811 cordis,
991 1769 1042 1804 et
1073 1775 1165 1818 ego
1197 1775 1305 1805 sum
1330 1762 1460 1805 illius
1484 1762 1677 1829 pulmo:
1721 1764 1806 1806 sed
1841 1764 1958 1820 quia
1990 1779 2075 1820 per

209 1834 293 1863 cor
314 1820 395 1863 hic
418 1819 741 1876 intelligimus
763 1833 998 1870 amorem,
1022 1828 1072 1863 et
1103 1834 1191 1876 per
1202 1821 1477 1877 pulmonem
1501 1821 1793 1876 sapientiam
1822 1823 1963 1877 (haec
1989 1837 2075 1879 per

213 1879 296 1922 illa
338 1878 659 1935 intelligimus
703 1887 906 1935 propter
945 1879 1473 1947 correspondentiam),
1512 1887 1587 1923 est
1631 1880 1712 1923 illa
1753 1895 1893 1924 amor
1935 1896 2072 1925 meae

210 1937 496 1994 sapientiae,
515 1945 565 1980 et
587 1950 696 2004 ego
699 1950 808 1980 sum
831 1937 1076 1993 sapientia
1096 1938 1203 1995 ejus
1225 1938 1422 1982 amoris.
1487 1937 1621 1988 Inde,
1642 1939 1770 1982 sicut
1792 1940 1973 1990 dixisti,
1998 1950 2074 1984 est

209 1996 500 2053 apparentia
521 1995 725 2039 unitatis
758 1996 1034 2039 animarum
1069 1997 1119 2039 in
1152 1996 1369 2040 faciebus
1402 1997 1597 2040 nostris.
1664 1997 1785 2041 inde
1819 1999 1960 2042 nobis
1994 2000 2073 2043 hic

210 2063 312 2098 tam
330 2054 632 2112 impossibile
647 2062 722 2098 est
736 2053 958 2111 spectare
973 2055 1187 2111 aliquam
1204 2069 1408 2099 uxorem
1424 2056 1641 2099 consocii
1662 2056 1710 2098 in
1726 2057 1930 2101 libidine
1946 2058 2073 2101 sicut

210 2122 287 2158 est
301 2112 540 2195 spectare
573 2113 732 2156 lucem
767 2114 922 2157 nostri
956 2113 1078 2157 caeli
1101 2128 1164 2159 ex
1183 2115 1357 2158 umbra
1378 2114 1640 2158 Tartarea'

301 2171 407 2215 “Et
424 2171 550 2215 dixit
569 2171 690 2215 mihi
708 2173 953 2229 angelusst
969 2172 1128 2217 Audis
1147 2187 1278 2216 nunc
1301 2173 1548 2230 loquelam
1570 2174 1747 2216 horum
1766 2175 2070 2232 angelorum,

210 2231 347 2288 quod
370 2231 435 2275 sit
455 2230 655 2287 loquela
675 2231 960 2287 sapientiae,
985 2231 1102 2288 quia
1123 2231 1396 2288 loquuntur
1417 2245 1477 2275 ex
1499 2232 1688 2275 causis?

301 2289 438 2333 “His
471 2287 630 2339 dictis,
654 2289 756 2333 vidi
789 2290 949 2333 lucem
983 2304 1212 2348 magnam
1244 2305 1394 2348 super
1424 2291 1550 2334 colle
1585 2291 1712 2334 inter
1734 2293 2072 2343 tabernacula:

209 2357 262 2394 et
284 2348 519 2430 quaesivi,
545 2347 720 2392 ‘Unde
745 2349 826 2392 illa
847 2349 977 2393 lux?’

300 2407 494 2457 “Dixit,
519 2406 618 2450 ‘Ex
639 2405 919 2451 sanctuario
941 2408 1245 2452 tabernaculi
1270 2408 1425 2451 nostri
1449 2408 1640 2452 cultus.’

299 2471 325 2489 ‘⁶
342 2466 405 2510 Et
422 2466 718 2523 interrogavi
739 2480 856 2509 num
880 2466 1027 2510 liceat
1049 2467 1308 2517 accedere,
1341 2475 1391 2510 et
1409 2467 1535 2510 dixit
1557 2468 1691 2524 quod
1717 2468 1885 2519 liceat;
1918 2477 1968 2512 et
1993 2483 2071 2512 ac·

209 2525 348 2575 cessi,
371 2533 423 2568 et
453 2524 555 2568 vidi
578 2525 949 2568 tabernaculum
982 2534 1121 2570 extra
1152 2534 1202 2569 et
1235 2527 1364 2569 intra
1383 2527 1656 2570 secundum
1682 2527 2068 2584 descriptionem

211 2597 410 2642 prorsus
432 2583 592 2627 simile
608 2584 949 2629 Tabernaculo
968 2586 1103 2642 quod
1130 2599 1218 2640 pro
1236 2585 1347 2628 filiis
1383 2585 1610 2629 Israelis'
1601 2599 1648 2628 1n
1682 2586 1880 2629 deserto
1903 2587 2071 2629 aedifi-

210 2650 389 2693 catum,
412 2642 553 2699 cujus
576 2641 736 2685 forma
763 2643 891 2686 Mosi
924 2657 1073 2700 super
1106 2644 1278 2687 Monte
1314 2643 1447 2687 Sinai
1482 2653 1755 2687 monstrata
1787 2654 1862 2688 est
1896 2646 2070 2701 (Exwl

210 2715 321 2745 xxv.
341 2712 439 2755 4o;.
455 2715 560 2758 cap.
584 2701 712 2745 xxvi.
737 2701 827 2757 30).
892 2701 954 2745 Et
977 2703 1212 2759 quaesivi,
1238 2701 1394 2760 ‘Ouid
1419 2703 1552 2746 intus
1575 2704 1623 2746 in
1647 2702 1927 2747 sanctuario
1950 2704 2069 2760 ejus,

210 2760 343 2804 unde
365 2768 506 2804 tanta
527 2759 659 2803 lux?

299 2818 403 2862 “Et
435 2819 740 2875 respondit,
758 2819 845 2862 Est
875 2819 1046 2863 tabula
1077 2821 1154 2863 cui
1189 2819 1479 2876 inscriptum
1509 2828 1585 2864 est
1606 2821 1793 2863 Foedus
1823 2823 1952 2863 mter
1972 2822 2071 2864 Do-

211 2891 398 2920 menum
429 2877 641 2936 Jehovzlz
664 2882 708 2919 et
733 2878 957 2922 Caelum:
1023 2879 1172 2922 Plura
1195 2893 1293 2921 non
1318 2879 1456 2922 dixit.

299 2935 405 2979 “Et
436 2945 556 2979 tunc
587 2936 808 2992 quaesivi
847 2937 956 2980 illos
989 2938 1050 2980 de
1086 2937 1303 2980 Domino
1344 2937 1557 2995 Jehovih
1595 2951 1743 2994 quem
1777 2938 1972 2988 colunt;
2021 2947 2070 2982 et

210 2995 326 3045 dixi,
352 2994 532 3039 ‘Estne
557 2994 692 3038 Deus
717 2995 876 3045 Pater,
902 2995 1108 3039 Creator
1130 2996 1393 3039 universi?’

299 3053 403 3096 “Et
426 3054 801 3110 responderunt,
837 3054 974 3104 ⁴,Est
1019 3055 1106 3098 sed
1132 3069 1222 3098 nos
1246 3069 1333 3111 per
1356 3056 1618 3097 Dominum
1651 3054 1862 3112 Jehovih
1889 3054 2068 3098 intelli-

209 3112 372 3170 gimus
403 3112 644 3170 Jehovam
679 3112 727 3154 in
760 3127 850 3156 suo
886 3113 1144 3163 Humano:
1188 3127 1286 3156 non
1311 3113 1442 3156 enim
1476 3127 1738 3170 possumus
1761 3114 1977 3168 aspicere
2008 3115 2067 3156 ad

241 3171 451 3215 ehovam
475 3170 524 3213 in
550 3171 723 3214 int-ima
744 3185 833 3215 sua
857 3172 1141 3221 Divinitate,
1167 3172 1259 3215 nisi
1284 3185 1431 3228 quam
1457 3186 1542 3228 per
1566 3171 1852 3214 Humanum
1880 3171 2068 3226 Ipsius.'

255 3237 278 3272 t
292 3237 413 3273 tunc
430 3229 772 3286 explicuerunt
790 3231 924 3287 quod
944 3230 1305 3281 intellexerunt,
1322 3238 1372 3273 et
1386 3244 1584 3287 quoque
1604 3231 1751 3273 hodie
1772 3230 2066 3286 intelligunt,

213 3301 301 3345 per
445 3347 591 3384 Semen
611 3347 785 3384 mulieris
804 3349 916 3395 quod
934 3348 1187 3385 conculcabit
1205 3353 1326 3394 caput
1342 3348 1534 3394 serpentis
1573 3347 1691 3394 (Gen.
1708 3348 1758 3384 iii.
1778 3347 1841 3393 15)
1858 3359 1865 3390 ;

213 3440 456 3491 videlicet,
475 3441 610 3497 quod
634 3441 904 3484 Dominum
922 3440 1134 3500 Jehovih
1152 3450 1414 3485 venturum
1440 3441 1487 3484 in
1512 3442 1765 3491 mundum,
1786 3442 2068 3498 redemptu-

213 3513 320 3542 rum
339 3507 388 3542 et
409 3500 711 3543 salvaturum
730 3514 902 3543 omnes
920 3501 1004 3557 qui
1021 3501 1338 3543 crediderunt
1355 3508 1404 3543 et
1426 3500 1656 3543 credituri
1676 3508 1790 3543 sunt
1814 3500 1862 3542 in
1883 3500 2066 3556 Ipsum.

301 3563 326 3580 ‘⁶
343 3557 435 3601 His
457 3557 619 3601 effatis
636 3559 851 3601 cucurrit
867 3559 943 3602 vir
959 3559 1020 3602 ad
1043 3559 1392 3602 tabernacuum
1419 3573 1576 3608 suum,
1595 3566 1645 3601 et
1667 3559 1813 3601 rediit
1830 3572 1942 3601 cum
1967 3573 2067 3602 ma-

213 3615 483 3672 logranato,
519 3617 566 3658 in
600 3630 699 3673 quo
732 3617 826 3659 fuit
857 3618 1000 3673 copia
1021 3617 1264 3660 seminum
1298 3631 1359 3660 ex
1389 3630 1532 3666 auro;
1579 3625 1628 3659 et
1658 3617 1875 3665 donavit,
1900 3625 1950 3660 et
1983 3619 2067 3660 de-

215 3674 434 3730 portavi;
482 3675 615 3730 quod
639 3683 743 3718 erat
766 3675 962 3730 signum
986 3676 1119 3729 quod
1154 3675 1389 3718 fuerimus
1412 3689 1523 3717 cum
1550 3675 1643 3718 illis
1666 3675 1750 3731 qui
1786 3676 1833 3717 in
1859 3675 2067 3718 Saeculo

216 3732 382 3775 Aureo
403 3733 676 3777 vixerunt.''
711 3734 971 3790 [Videatur
982 3735 1274 3790 opusculum
1290 3734 1350 3777 de
1363 3735 1541 3777 Amore
1569 3734 1862 3790 Conjugz‘alz’,
1887 3748 1932 3777 n.
1957 3745 1981 3786 7
1990 3736 2043 3789 §.l
