<?xml version="1.0" encoding="UTF-8"?>
<!DOCTYPE html PUBLIC "-//W3C//DTD XHTML 1.0 Transitional//EN"
    "http://www.w3.org/TR/xhtml1/DTD/xhtml1-transitional.dtd">
<html xmlns="http://www.w3.org/1999/xhtml" xml:lang="en" lang="en">
 <head>
  <title>
</title>
<meta http-equiv="Content-Type" content="text/html;charset=utf-8" />
  <meta name='ocr-system' content='tesseract 3.04.00' />
  <meta name='ocr-capabilities' content='ocr_page ocr_carea ocr_par ocr_line ocrx_word'/>
</head>
<body>
  <div class='ocr_page' id='page_1' title='image "1885denovahieros00sweduoft_0059.png"; bbox 0 0 2496 4250; ppageno 0'>
   <div class='ocr_carea' id='block_1_1' title="bbox 0 3189 26 4250">
    <p class='ocr_par' dir='ltr' id='par_1_1' title="bbox 0 3189 26 4250">
     <span class='ocr_line' id='line_1_1' title="bbox 0 3189 26 4250; textangle 90"><span class='ocrx_word' id='word_1_1' title='bbox 0 3354 26 4250; x_wconf 47' lang='grc' dir='ltr'>Μηνκνᾟψππ--τπππ-Ἷ-σΰ·τ”</span> <span class='ocrx_word' id='word_1_2' title='bbox 0 3318 11 3327; x_wconf 45' lang='lat' dir='ltr'>x</span> <span class='ocrx_word' id='word_1_3' title='bbox 0 3245 8 3258; x_wconf 77' lang='lat'><em>·</em></span> <span class='ocrx_word' id='word_1_4' title='bbox 0 3189 4 3198; x_wconf 70' lang='lat'>⁷</span> 
     </span>
    </p>
   </div>
   <div class='ocr_carea' id='block_1_2' title="bbox 588 436 2124 502">
    <p class='ocr_par' dir='ltr' id='par_1_2' title="bbox 588 436 2124 502">
     <span class='ocr_line' id='line_1_2' title="bbox 588 436 2124 502; baseline -0.002 -12"><span class='ocrx_word' id='word_1_5' title='bbox 588 450 667 490; x_wconf 87' lang='lat' dir='ltr'>ET</span> <span class='ocrx_word' id='word_1_6' title='bbox 706 449 845 502; x_wconf 88' lang='lat' dir='ltr'>EJUS</span> <span class='ocrx_word' id='word_1_7' title='bbox 884 447 1213 490; x_wconf 87' lang='lat' dir='ltr'>DOCTRINA</span> <span class='ocrx_word' id='word_1_8' title='bbox 1252 448 1708 489; x_wconf 79' lang='lat' dir='ltr'>CAELEsT1.-N.</span> <span class='ocrx_word' id='word_1_9' title='bbox 1741 436 1824 487; x_wconf 90' lang='lat'>62.</span> <span class='ocrx_word' id='word_1_10' title='bbox 2062 446 2124 499; x_wconf 84' lang='lat'>53</span> 
     </span>
    </p>
   </div>
   <div class='ocr_carea' id='block_1_3' title="bbox 258 585 2131 2761">
    <p class='ocr_par' dir='ltr' id='par_1_3' title="bbox 258 585 2131 1042">
     <span class='ocr_line' id='line_1_3' title="bbox 361 585 2128 655; baseline -0.003 -15"><span class='ocrx_word' id='word_1_11' title='bbox 361 587 479 655; x_wconf 84' lang='grc'>58.</span> <span class='ocrx_word' id='word_1_12' title='bbox 528 585 713 637; x_wconf 84' lang='lat' dir='ltr'><strong>Omne</strong></span> <span class='ocrx_word' id='word_1_13' title='bbox 751 586 1080 652; x_wconf 86' lang='lat' dir='ltr'>jucundum,</span> <span class='ocrx_word' id='word_1_14' title='bbox 1119 587 1366 638; x_wconf 88' lang='lat' dir='ltr'>faustum</span> <span class='ocrx_word' id='word_1_15' title='bbox 1412 593 1470 637; x_wconf 94' lang='lat' dir='ltr'>et</span> <span class='ocrx_word' id='word_1_16' title='bbox 1520 585 1658 636; x_wconf 85' lang='lat' dir='ltr'>felix</span> <span class='ocrx_word' id='word_1_17' title='bbox 1696 592 1785 636; x_wconf 89' lang='lat' dir='ltr'>est</span> <span class='ocrx_word' id='word_1_18' title='bbox 1829 585 2003 636; x_wconf 87' lang='lat' dir='ltr'>cuivis</span> <span class='ocrx_word' id='word_1_19' title='bbox 2052 603 2128 635; x_wconf 81' lang='lat' dir='ltr'>ex</span> 
     </span>
     <span class='ocr_line' id='line_1_4' title="bbox 263 662 2127 729; baseline -0.002 -15"><span class='ocrx_word' id='word_1_20' title='bbox 263 680 454 715; x_wconf 87' lang='lat' dir='ltr'>amore</span> <span class='ocrx_word' id='word_1_21' title='bbox 487 662 602 729; x_wconf 90' lang='lat' dir='ltr'>ejus</span> <span class='ocrx_word' id='word_1_22' title='bbox 634 663 983 724; x_wconf 82' lang='lat' dir='ltr'>dominante,</span> <span class='ocrx_word' id='word_1_23' title='bbox 1014 671 1072 714; x_wconf 93' lang='lat' dir='ltr'>et</span> <span class='ocrx_word' id='word_1_24' title='bbox 1106 664 1416 714; x_wconf 88' lang='lat' dir='ltr'>secundum</span> <span class='ocrx_word' id='word_1_25' title='bbox 1449 662 1640 725; x_wconf 91' lang='lat' dir='ltr'>illum;</span> <span class='ocrx_word' id='word_1_26' title='bbox 1683 662 1856 712; x_wconf 91' lang='lat' dir='ltr'>homo</span> <span class='ocrx_word' id='word_1_27' title='bbox 1890 662 2038 712; x_wconf 91' lang='lat' dir='ltr'>enim</span> <span class='ocrx_word' id='word_1_28' title='bbox 2072 662 2127 711; x_wconf 90' lang='lat' dir='ltr'>id</span> 
     </span>
     <span class='ocr_line' id='line_1_5' title="bbox 258 740 2127 807; baseline -0.002 -16"><span class='ocrx_word' id='word_1_29' title='bbox 258 740 564 807; x_wconf 90' lang='lat' dir='ltr'>jucundum</span> <span class='ocrx_word' id='word_1_30' title='bbox 598 741 734 792; x_wconf 90' lang='lat' dir='ltr'>dicit</span> <span class='ocrx_word' id='word_1_31' title='bbox 768 741 918 807; x_wconf 92' lang='lat' dir='ltr'>quod</span> <span class='ocrx_word' id='word_1_32' title='bbox 952 749 1124 802; x_wconf 91' lang='lat' dir='ltr'>amat,</span> <span class='ocrx_word' id='word_1_33' title='bbox 1151 742 1279 807; x_wconf 91' lang='lat' dir='ltr'>quia</span> <span class='ocrx_word' id='word_1_34' title='bbox 1312 741 1522 804; x_wconf 89' lang='lat' dir='ltr'>sentit;</span> <span class='ocrx_word' id='word_1_35' title='bbox 1564 741 1714 806; x_wconf 90' lang='lat' dir='ltr'>quod</span> <span class='ocrx_word' id='word_1_36' title='bbox 1743 747 1935 790; x_wconf 88' lang='lat' dir='ltr'>autem</span> <span class='ocrx_word' id='word_1_37' title='bbox 1968 741 2127 804; x_wconf 82' lang='lat' dir='ltr'>cogi-</span> 
     </span>
     <span class='ocr_line' id='line_1_6' title="bbox 263 818 2131 886; baseline -0.002 -15"><span class='ocrx_word' id='word_1_38' title='bbox 263 827 351 871; x_wconf 86' lang='lat' dir='ltr'>tat</span> <span class='ocrx_word' id='word_1_39' title='bbox 383 827 441 871; x_wconf 89' lang='lat' dir='ltr'>et</span> <span class='ocrx_word' id='word_1_40' title='bbox 474 836 587 870; x_wconf 92' lang='lat' dir='ltr'>non</span> <span class='ocrx_word' id='word_1_41' title='bbox 620 827 792 880; x_wconf 90' lang='lat' dir='ltr'>amat,</span> <span class='ocrx_word' id='word_1_42' title='bbox 823 819 932 870; x_wconf 90' lang='lat' dir='ltr'>hoe</span> <span class='ocrx_word' id='word_1_43' title='bbox 966 837 1187 886; x_wconf 91' lang='lat' dir='ltr'>quoque</span> <span class='ocrx_word' id='word_1_44' title='bbox 1216 819 1522 885; x_wconf 88' lang='lat' dir='ltr'>jucundum</span> <span class='ocrx_word' id='word_1_45' title='bbox 1555 819 1741 870; x_wconf 85' lang='lat' dir='ltr'><strong>dicere</strong></span> <span class='ocrx_word' id='word_1_46' title='bbox 1781 825 1994 885; x_wconf 89' lang='lat' dir='ltr'>potest,</span> <span class='ocrx_word' id='word_1_47' title='bbox 2031 818 2131 868; x_wconf 90' lang='lat' dir='ltr'>sed</span> 
     </span>
     <span class='ocr_line' id='line_1_7' title="bbox 264 897 2131 964; baseline -0.001 -16"><span class='ocrx_word' id='word_1_48' title='bbox 264 915 377 950; x_wconf 89' lang='lat' dir='ltr'>non</span> <span class='ocrx_word' id='word_1_49' title='bbox 411 906 502 949; x_wconf 94' lang='lat' dir='ltr'>est</span> <span class='ocrx_word' id='word_1_50' title='bbox 529 897 835 964; x_wconf 87' lang='lat' dir='ltr'>jucundum</span> <span class='ocrx_word' id='word_1_51' title='bbox 868 899 1021 949; x_wconf 87' lang='lat' dir='ltr'>vitae</span> <span class='ocrx_word' id='word_1_52' title='bbox 1061 898 1193 964; x_wconf 80' lang='lat' dir='ltr'>ejus,</span> <span class='ocrx_word' id='word_1_53' title='bbox 1262 897 1579 964; x_wconf 90' lang='lat' dir='ltr'>Jucundum</span> <span class='ocrx_word' id='word_1_54' title='bbox 1612 898 1818 948; x_wconf 88' lang='lat' dir='ltr'>amoris</span> <span class='ocrx_word' id='word_1_55' title='bbox 1851 905 1940 948; x_wconf 89' lang='lat' dir='ltr'>est</span> <span class='ocrx_word' id='word_1_56' title='bbox 1981 897 2131 964; x_wconf 92' lang='lat' dir='ltr'>quod</span> 
     </span>
     <span class='ocr_line' id='line_1_8' title="bbox 261 974 1998 1042; baseline -0.001 -15"><span class='ocrx_word' id='word_1_57' title='bbox 261 977 475 1028; x_wconf 91' lang='lat' dir='ltr'>homini</span> <span class='ocrx_word' id='word_1_58' title='bbox 506 983 593 1027; x_wconf 91' lang='lat' dir='ltr'>est</span> <span class='ocrx_word' id='word_1_59' title='bbox 626 977 855 1036; x_wconf 90' lang='lat' dir='ltr'>bonum,</span> <span class='ocrx_word' id='word_1_60' title='bbox 886 993 950 1027; x_wconf 89' lang='lat' dir='ltr'>ac</span> <span class='ocrx_word' id='word_1_61' title='bbox 985 975 1347 1042; x_wconf 89' lang='lat' dir='ltr'>injucundum</span> <span class='ocrx_word' id='word_1_62' title='bbox 1381 975 1531 1042; x_wconf 91' lang='lat' dir='ltr'>quod</span> <span class='ocrx_word' id='word_1_63' title='bbox 1564 975 1614 1026; x_wconf 89' lang='lat' dir='ltr'>ei</span> <span class='ocrx_word' id='word_1_64' title='bbox 1646 983 1737 1026; x_wconf 92' lang='lat' dir='ltr'>est</span> <span class='ocrx_word' id='word_1_65' title='bbox 1771 974 1998 1026; x_wconf 89' lang='lat' dir='ltr'>malum.</span> 
     </span>
    </p>

    <p class='ocr_par' dir='ltr' id='par_1_4' title="bbox 259 1051 2131 1588">
     <span class='ocr_line' id='line_1_9' title="bbox 359 1051 2127 1120; baseline -0.001 -17"><span class='ocrx_word' id='word_1_66' title='bbox 359 1065 483 1120; x_wconf 79' lang='lat'>59.</span> <span class='ocrx_word' id='word_1_67' title='bbox 531 1052 676 1103; x_wconf 86' lang='lat' dir='ltr'>Sunt</span> <span class='ocrx_word' id='word_1_68' title='bbox 715 1053 830 1103; x_wconf 91' lang='lat' dir='ltr'>bini</span> <span class='ocrx_word' id='word_1_69' title='bbox 862 1069 1087 1103; x_wconf 88' lang='lat' dir='ltr'>amores</span> <span class='ocrx_word' id='word_1_70' title='bbox 1135 1070 1210 1103; x_wconf 82' lang='lat' dir='ltr'>ex</span> <span class='ocrx_word' id='word_1_71' title='bbox 1249 1051 1449 1118; x_wconf 89' lang='lat' dir='ltr'>quibus</span> <span class='ocrx_word' id='word_1_72' title='bbox 1485 1052 1676 1103; x_wconf 88' lang='lat' dir='ltr'>omnia</span> <span class='ocrx_word' id='word_1_73' title='bbox 1707 1051 1859 1102; x_wconf 90' lang='lat' dir='ltr'>bona</span> <span class='ocrx_word' id='word_1_74' title='bbox 1891 1059 1949 1102; x_wconf 92' lang='lat' dir='ltr'>et</span> <span class='ocrx_word' id='word_1_75' title='bbox 1976 1069 2127 1111; x_wconf 79' lang='lat' dir='ltr'>vera,</span> 
     </span>
     <span class='ocr_line' id='line_1_10' title="bbox 261 1128 2130 1196; baseline -0.001 -16"><span class='ocrx_word' id='word_1_76' title='bbox 261 1137 322 1180; x_wconf 92' lang='lat' dir='ltr'>ut</span> <span class='ocrx_word' id='word_1_77' title='bbox 356 1147 430 1180; x_wconf 83' lang='lat' dir='ltr'>ex</span> <span class='ocrx_word' id='word_1_78' title='bbox 463 1130 596 1196; x_wconf 88' lang='lat' dir='ltr'>ipsis</span> <span class='ocrx_word' id='word_1_79' title='bbox 626 1130 738 1179; x_wconf 90' lang='lat' dir='ltr'>suis</span> <span class='ocrx_word' id='word_1_80' title='bbox 765 1129 1030 1190; x_wconf 79' lang='lat' dir='ltr'>fontibuS,</span> <span class='ocrx_word' id='word_1_81' title='bbox 1062 1130 1354 1192; x_wconf 81' lang='lat' dir='ltr'>existunt3</span> <span class='ocrx_word' id='word_1_82' title='bbox 1396 1136 1454 1180; x_wconf 90' lang='lat' dir='ltr'>et</span> <span class='ocrx_word' id='word_1_83' title='bbox 1489 1136 1619 1179; x_wconf 90' lang='lat' dir='ltr'>sunt</span> <span class='ocrx_word' id='word_1_84' title='bbox 1648 1128 1762 1178; x_wconf 87' lang='lat' dir='ltr'>bini</span> <span class='ocrx_word' id='word_1_85' title='bbox 1790 1144 2011 1179; x_wconf 90' lang='lat' dir='ltr'>amores</span> <span class='ocrx_word' id='word_1_86' title='bbox 2055 1147 2130 1179; x_wconf 84' lang='lat' dir='ltr'>ex</span> 
     </span>
     <span class='ocr_line' id='line_1_11' title="bbox 260 1206 2129 1274; baseline -0.001 -17"><span class='ocrx_word' id='word_1_87' title='bbox 260 1207 460 1274; x_wconf 91' lang='lat' dir='ltr'>quibus</span> <span class='ocrx_word' id='word_1_88' title='bbox 491 1208 680 1258; x_wconf 91' lang='lat' dir='ltr'>omnia</span> <span class='ocrx_word' id='word_1_89' title='bbox 713 1207 863 1258; x_wconf 89' lang='lat' dir='ltr'>mala</span> <span class='ocrx_word' id='word_1_90' title='bbox 890 1215 947 1258; x_wconf 88' lang='lat' dir='ltr'>et</span> <span class='ocrx_word' id='word_1_91' title='bbox 975 1206 1131 1258; x_wconf 89' lang='lat' dir='ltr'>falsa.</span> <span class='ocrx_word' id='word_1_92' title='bbox 1196 1207 1320 1257; x_wconf 88' lang='lat' dir='ltr'>Bini</span> <span class='ocrx_word' id='word_1_93' title='bbox 1353 1223 1575 1257; x_wconf 89' lang='lat' dir='ltr'>amores</span> <span class='ocrx_word' id='word_1_94' title='bbox 1603 1223 1676 1256; x_wconf 83' lang='lat' dir='ltr'>ex</span> <span class='ocrx_word' id='word_1_95' title='bbox 1705 1206 1903 1272; x_wconf 86' lang='lat' dir='ltr'>quibus</span> <span class='ocrx_word' id='word_1_96' title='bbox 1937 1207 2129 1256; x_wconf 89' lang='lat' dir='ltr'>omnia</span> 
     </span>
     <span class='ocr_line' id='line_1_12' title="bbox 260 1284 2129 1351; baseline -0.001 -16"><span class='ocrx_word' id='word_1_97' title='bbox 260 1284 411 1336; x_wconf 89' lang='lat' dir='ltr'>bona</span> <span class='ocrx_word' id='word_1_98' title='bbox 442 1293 500 1336; x_wconf 92' lang='lat' dir='ltr'>et</span> <span class='ocrx_word' id='word_1_99' title='bbox 532 1302 682 1343; x_wconf 88' lang='lat' dir='ltr'>vera,</span> <span class='ocrx_word' id='word_1_100' title='bbox 718 1293 849 1336; x_wconf 89' lang='lat' dir='ltr'>sunt</span> <span class='ocrx_word' id='word_1_101' title='bbox 881 1301 1039 1336; x_wconf 89' lang='lat' dir='ltr'>amor</span> <span class='ocrx_word' id='word_1_102' title='bbox 1067 1286 1122 1336; x_wconf 92' lang='lat' dir='ltr'>in</span> <span class='ocrx_word' id='word_1_103' title='bbox 1156 1285 1464 1336; x_wconf 91' lang='lat' dir='ltr'>Dominum</span> <span class='ocrx_word' id='word_1_104' title='bbox 1498 1292 1556 1336; x_wconf 92' lang='lat' dir='ltr'>et</span> <span class='ocrx_word' id='word_1_105' title='bbox 1584 1301 1742 1335; x_wconf 89' lang='lat' dir='ltr'>amor</span> <span class='ocrx_word' id='word_1_106' title='bbox 1770 1301 1906 1350; x_wconf 84' lang='lat' dir='ltr'>erga</span> <span class='ocrx_word' id='word_1_107' title='bbox 1938 1286 2129 1351; x_wconf 81' lang='lat' dir='ltr'>proxi-</span> 
     </span>
     <span class='ocr_line' id='line_1_13' title="bbox 260 1363 2131 1431; baseline -0.001 -18"><span class='ocrx_word' id='word_1_108' title='bbox 260 1378 446 1414; x_wconf 89' lang='lat' dir='ltr'>mum:</span> <span class='ocrx_word' id='word_1_109' title='bbox 488 1381 552 1414; x_wconf 89' lang='lat' dir='ltr'>ac</span> <span class='ocrx_word' id='word_1_110' title='bbox 585 1363 699 1415; x_wconf 89' lang='lat' dir='ltr'>bini</span> <span class='ocrx_word' id='word_1_111' title='bbox 732 1381 953 1415; x_wconf 89' lang='lat' dir='ltr'>amores</span> <span class='ocrx_word' id='word_1_112' title='bbox 986 1381 1060 1415; x_wconf 82' lang='lat' dir='ltr'>ex</span> <span class='ocrx_word' id='word_1_113' title='bbox 1093 1365 1291 1431; x_wconf 90' lang='lat' dir='ltr'>quibus</span> <span class='ocrx_word' id='word_1_114' title='bbox 1324 1364 1516 1414; x_wconf 89' lang='lat' dir='ltr'>omnia</span> <span class='ocrx_word' id='word_1_115' title='bbox 1548 1363 1698 1414; x_wconf 87' lang='lat' dir='ltr'>mala</span> <span class='ocrx_word' id='word_1_116' title='bbox 1731 1370 1788 1414; x_wconf 93' lang='lat' dir='ltr'>et</span> <span class='ocrx_word' id='word_1_117' title='bbox 1816 1363 1973 1423; x_wconf 89' lang='lat' dir='ltr'>falsa,</span> <span class='ocrx_word' id='word_1_118' title='bbox 1999 1371 2131 1413; x_wconf 91' lang='lat' dir='ltr'>sunt</span> 
     </span>
     <span class='ocr_line' id='line_1_14' title="bbox 260 1442 2130 1494; baseline -0.001 -2"><span class='ocrx_word' id='word_1_119' title='bbox 260 1457 419 1493; x_wconf 91' lang='lat' dir='ltr'>amor</span> <span class='ocrx_word' id='word_1_120' title='bbox 450 1443 532 1492; x_wconf 87' lang='lat' dir='ltr'>sui</span> <span class='ocrx_word' id='word_1_121' title='bbox 573 1450 630 1493; x_wconf 92' lang='lat' dir='ltr'>et</span> <span class='ocrx_word' id='word_1_122' title='bbox 668 1459 826 1493; x_wconf 88' lang='lat' dir='ltr'>amor</span> <span class='ocrx_word' id='word_1_123' title='bbox 858 1443 1066 1493; x_wconf 89' lang='lat' dir='ltr'>mundi.</span> <span class='ocrx_word' id='word_1_124' title='bbox 1146 1443 1221 1494; x_wconf 92' lang='lat' dir='ltr'>Hi</span> <span class='ocrx_word' id='word_1_125' title='bbox 1261 1443 1376 1494; x_wconf 90' lang='lat' dir='ltr'>bini</span> <span class='ocrx_word' id='word_1_126' title='bbox 1415 1459 1638 1494; x_wconf 88' lang='lat' dir='ltr'>amores</span> <span class='ocrx_word' id='word_1_127' title='bbox 1671 1450 1803 1494; x_wconf 90' lang='lat' dir='ltr'>sunt</span> <span class='ocrx_word' id='word_1_128' title='bbox 1836 1442 1945 1493; x_wconf 90' lang='lat' dir='ltr'>illis</span> <span class='ocrx_word' id='word_1_129' title='bbox 1987 1442 2130 1492; x_wconf 89' lang='lat' dir='ltr'>binis</span> 
     </span>
     <span class='ocr_line' id='line_1_15' title="bbox 259 1521 1387 1588; baseline 0.001 -17"><span class='ocrx_word' id='word_1_130' title='bbox 259 1521 546 1571; x_wconf 86' lang='lat' dir='ltr'>amoribus</span> <span class='ocrx_word' id='word_1_131' title='bbox 578 1538 804 1587; x_wconf 87' lang='lat' dir='ltr'>prorsus</span> <span class='ocrx_word' id='word_1_132' title='bbox 832 1522 1098 1588; x_wconf 89' lang='lat' dir='ltr'>oppositi.</span> <span class='ocrx_word' id='word_1_133' title='bbox 1382 1579 1387 1584; x_wconf 22' lang='lat'>¹</span> 
     </span>
    </p>

    <p class='ocr_par' dir='ltr' id='par_1_5' title="bbox 259 1597 2131 2213">
     <span class='ocr_line' id='line_1_16' title="bbox 361 1597 2131 1665; baseline -0.001 -15"><span class='ocrx_word' id='word_1_134' title='bbox 361 1598 487 1650; x_wconf 77' lang='lat'>6⁰.</span> <span class='ocrx_word' id='word_1_135' title='bbox 524 1597 651 1648; x_wconf 90' lang='lat' dir='ltr'>Bini</span> <span class='ocrx_word' id='word_1_136' title='bbox 693 1615 919 1649; x_wconf 89' lang='lat' dir='ltr'>amores</span> <span class='ocrx_word' id='word_1_137' title='bbox 963 1615 1037 1649; x_wconf 86' lang='lat' dir='ltr'>ex</span> <span class='ocrx_word' id='word_1_138' title='bbox 1085 1598 1285 1665; x_wconf 91' lang='lat' dir='ltr'>quibus</span> <span class='ocrx_word' id='word_1_139' title='bbox 1330 1598 1521 1649; x_wconf 86' lang='lat' dir='ltr'>omnia</span> <span class='ocrx_word' id='word_1_140' title='bbox 1557 1597 1711 1648; x_wconf 90' lang='lat' dir='ltr'>bona</span> <span class='ocrx_word' id='word_1_141' title='bbox 1750 1604 1810 1648; x_wconf 89' lang='lat' dir='ltr'>et</span> <span class='ocrx_word' id='word_1_142' title='bbox 1846 1615 1999 1658; x_wconf 90' lang='lat' dir='ltr'>vera,</span> <span class='ocrx_word' id='word_1_143' title='bbox 2039 1599 2131 1664; x_wconf 87' lang='lat' dir='ltr'>qui</span> 
     </span>
     <span class='ocr_line' id='line_1_17' title="bbox 261 1673 2130 1742; baseline 0 -17"><span class='ocrx_word' id='word_1_144' title='bbox 261 1683 410 1736; x_wconf 89' lang='lat' dir='ltr'>sunt,</span> <span class='ocrx_word' id='word_1_145' title='bbox 436 1683 496 1726; x_wconf 92' lang='lat' dir='ltr'>ut</span> <span class='ocrx_word' id='word_1_146' title='bbox 524 1673 737 1726; x_wconf 72' lang='lat' dir='ltr'>di&amp;um</span> <span class='ocrx_word' id='word_1_147' title='bbox 766 1683 872 1738; x_wconf 87' lang='lat' dir='ltr'>est,</span> <span class='ocrx_word' id='word_1_148' title='bbox 898 1693 1057 1726; x_wconf 90' lang='lat' dir='ltr'>amor</span> <span class='ocrx_word' id='word_1_149' title='bbox 1084 1677 1140 1726; x_wconf 92' lang='lat' dir='ltr'>in</span> <span class='ocrx_word' id='word_1_150' title='bbox 1170 1677 1479 1727; x_wconf 91' lang='lat' dir='ltr'>Dominum</span> <span class='ocrx_word' id='word_1_151' title='bbox 1508 1684 1566 1727; x_wconf 93' lang='lat' dir='ltr'>et</span> <span class='ocrx_word' id='word_1_152' title='bbox 1595 1693 1755 1726; x_wconf 88' lang='lat' dir='ltr'>amor</span> <span class='ocrx_word' id='word_1_153' title='bbox 1775 1693 1912 1742; x_wconf 85' lang='lat' dir='ltr'>erga</span> <span class='ocrx_word' id='word_1_154' title='bbox 1938 1677 2130 1742; x_wconf 79' lang='lat' dir='ltr'>proxi—</span> 
     </span>
     <span class='ocr_line' id='line_1_18' title="bbox 261 1754 2131 1822; baseline 0.001 -19"><span class='ocrx_word' id='word_1_155' title='bbox 261 1769 432 1815; x_wconf 91' lang='lat' dir='ltr'>mum,</span> <span class='ocrx_word' id='word_1_156' title='bbox 484 1754 696 1806; x_wconf 88' lang='lat' dir='ltr'>faciunt</span> <span class='ocrx_word' id='word_1_157' title='bbox 749 1755 969 1806; x_wconf 89' lang='lat' dir='ltr'>caelum</span> <span class='ocrx_word' id='word_1_158' title='bbox 1021 1755 1169 1821; x_wconf 87' lang='lat' dir='ltr'>apud</span> <span class='ocrx_word' id='word_1_159' title='bbox 1220 1755 1543 1818; x_wconf 91' lang='lat' dir='ltr'>hominem;</span> <span class='ocrx_word' id='word_1_160' title='bbox 1602 1772 1774 1822; x_wconf 91' lang='lat' dir='ltr'>quare</span> <span class='ocrx_word' id='word_1_161' title='bbox 1825 1756 1999 1806; x_wconf 92' lang='lat' dir='ltr'>etiam</span> <span class='ocrx_word' id='word_1_162' title='bbox 2051 1754 2131 1804; x_wconf 88' lang='lat' dir='ltr'>illi</span> 
     </span>
     <span class='ocr_line' id='line_1_19' title="bbox 265 1833 2128 1900; baseline 0 -18"><span class='ocrx_word' id='word_1_163' title='bbox 265 1840 511 1898; x_wconf 87' lang='lat' dir='ltr'>regnant</span> <span class='ocrx_word' id='word_1_164' title='bbox 551 1833 608 1883; x_wconf 90' lang='lat' dir='ltr'>in</span> <span class='ocrx_word' id='word_1_165' title='bbox 647 1833 841 1897; x_wconf 89' lang='lat' dir='ltr'>caelo;</span> <span class='ocrx_word' id='word_1_166' title='bbox 883 1841 942 1884; x_wconf 92' lang='lat' dir='ltr'>et</span> <span class='ocrx_word' id='word_1_167' title='bbox 975 1835 1105 1900; x_wconf 90' lang='lat' dir='ltr'>quia</span> <span class='ocrx_word' id='word_1_168' title='bbox 1143 1833 1356 1884; x_wconf 89' lang='lat' dir='ltr'>faciunt</span> <span class='ocrx_word' id='word_1_169' title='bbox 1390 1833 1609 1884; x_wconf 87' lang='lat' dir='ltr'>caelum</span> <span class='ocrx_word' id='word_1_170' title='bbox 1641 1833 1790 1900; x_wconf 85' lang='lat' dir='ltr'>apud</span> <span class='ocrx_word' id='word_1_171' title='bbox 1822 1833 2128 1892; x_wconf 89' lang='lat' dir='ltr'>hominem,</span> 
     </span>
     <span class='ocr_line' id='line_1_20' title="bbox 260 1911 2128 1979; baseline -0.001 -18"><span class='ocrx_word' id='word_1_172' title='bbox 260 1911 434 1962; x_wconf 90' lang='lat' dir='ltr'>etiam</span> <span class='ocrx_word' id='word_1_173' title='bbox 465 1911 678 1963; x_wconf 91' lang='lat' dir='ltr'>faciunt</span> <span class='ocrx_word' id='word_1_174' title='bbox 711 1912 1013 1964; x_wconf 86' lang='lat' dir='ltr'>ecclesiam</span> <span class='ocrx_word' id='word_1_175' title='bbox 1047 1913 1196 1979; x_wconf 88' lang='lat' dir='ltr'>apud</span> <span class='ocrx_word' id='word_1_176' title='bbox 1229 1912 1403 1963; x_wconf 90' lang='lat' dir='ltr'>illum.</span> <span class='ocrx_word' id='word_1_177' title='bbox 1483 1912 1606 1962; x_wconf 88' lang='lat' dir='ltr'>Bini</span> <span class='ocrx_word' id='word_1_178' title='bbox 1639 1929 1859 1963; x_wconf 86' lang='lat' dir='ltr'>amores</span> <span class='ocrx_word' id='word_1_179' title='bbox 1894 1929 1967 1962; x_wconf 82' lang='lat' dir='ltr'>ex</span> <span class='ocrx_word' id='word_1_180' title='bbox 2009 1913 2128 1978; x_wconf 89' lang='lat' dir='ltr'>qui-</span> 
     </span>
     <span class='ocr_line' id='line_1_21' title="bbox 259 1989 2130 2058; baseline 0.001 -18"><span class='ocrx_word' id='word_1_181' title='bbox 259 1989 362 2040; x_wconf 91' lang='lat' dir='ltr'>bus</span> <span class='ocrx_word' id='word_1_182' title='bbox 385 1991 574 2041; x_wconf 91' lang='lat' dir='ltr'>omnia</span> <span class='ocrx_word' id='word_1_183' title='bbox 597 1990 746 2041; x_wconf 91' lang='lat' dir='ltr'>mala</span> <span class='ocrx_word' id='word_1_184' title='bbox 769 1999 826 2042; x_wconf 94' lang='lat' dir='ltr'>et</span> <span class='ocrx_word' id='word_1_185' title='bbox 850 1992 1006 2050; x_wconf 88' lang='lat' dir='ltr'>falsa,</span> <span class='ocrx_word' id='word_1_186' title='bbox 1032 1993 1123 2058; x_wconf 89' lang='lat' dir='ltr'>qui</span> <span class='ocrx_word' id='word_1_187' title='bbox 1149 1999 1297 2052; x_wconf 90' lang='lat' dir='ltr'>sunt,</span> <span class='ocrx_word' id='word_1_188' title='bbox 1323 1999 1384 2042; x_wconf 93' lang='lat' dir='ltr'>ut</span> <span class='ocrx_word' id='word_1_189' title='bbox 1414 1989 1624 2042; x_wconf 57' lang='lat' dir='ltr'>dietum</span> <span class='ocrx_word' id='word_1_190' title='bbox 1650 1999 1755 2052; x_wconf 94' lang='lat' dir='ltr'>est,</span> <span class='ocrx_word' id='word_1_191' title='bbox 1780 2007 1938 2041; x_wconf 91' lang='lat' dir='ltr'>amor</span> <span class='ocrx_word' id='word_1_192' title='bbox 1960 1993 2041 2040; x_wconf 92' lang='lat' dir='ltr'>sui</span> <span class='ocrx_word' id='word_1_193' title='bbox 2072 1999 2130 2041; x_wconf 91' lang='lat' dir='ltr'>et</span> 
     </span>
     <span class='ocr_line' id='line_1_22' title="bbox 260 2069 2127 2136; baseline 0.001 -18"><span class='ocrx_word' id='word_1_194' title='bbox 260 2084 418 2119; x_wconf 88' lang='lat' dir='ltr'>amor</span> <span class='ocrx_word' id='word_1_195' title='bbox 445 2070 654 2131; x_wconf 93' lang='lat' dir='ltr'>mundi,</span> <span class='ocrx_word' id='word_1_196' title='bbox 686 2069 896 2121; x_wconf 90' lang='lat' dir='ltr'>faciunt</span> <span class='ocrx_word' id='word_1_197' title='bbox 924 2070 1198 2121; x_wconf 90' lang='lat' dir='ltr'>infernum</span> <span class='ocrx_word' id='word_1_198' title='bbox 1226 2070 1374 2136; x_wconf 92' lang='lat' dir='ltr'>apud</span> <span class='ocrx_word' id='word_1_199' title='bbox 1402 2069 1725 2134; x_wconf 88' lang='lat' dir='ltr'>hominem;</span> <span class='ocrx_word' id='word_1_200' title='bbox 1754 2087 1924 2136; x_wconf 90' lang='lat' dir='ltr'>quare</span> <span class='ocrx_word' id='word_1_201' title='bbox 1953 2071 2127 2120; x_wconf 88' lang='lat' dir='ltr'>etiam</span> 
     </span>
     <span class='ocr_line' id='line_1_23' title="bbox 260 2146 964 2213; baseline 0.001 -15"><span class='ocrx_word' id='word_1_202' title='bbox 260 2146 342 2198; x_wconf 90' lang='lat' dir='ltr'>illi</span> <span class='ocrx_word' id='word_1_203' title='bbox 371 2157 615 2213; x_wconf 87' lang='lat' dir='ltr'>regnant</span> <span class='ocrx_word' id='word_1_204' title='bbox 649 2149 702 2199; x_wconf 91' lang='lat' dir='ltr'>in</span> <span class='ocrx_word' id='word_1_205' title='bbox 731 2149 964 2199; x_wconf 78' lang='lat' dir='ltr'>inferno,</span> 
     </span>
    </p>

    <p class='ocr_par' dir='ltr' id='par_1_6' title="bbox 259 2223 2130 2761">
     <span class='ocr_line' id='line_1_24' title="bbox 359 2223 2130 2291; baseline -0.001 -16"><span class='ocrx_word' id='word_1_206' title='bbox 359 2224 473 2276; x_wconf 82' lang='lat'>61.</span> <span class='ocrx_word' id='word_1_207' title='bbox 525 2223 650 2275; x_wconf 88' lang='lat' dir='ltr'>Bini</span> <span class='ocrx_word' id='word_1_208' title='bbox 681 2223 906 2275; x_wconf 85' lang='lat' dir='ltr'>amor&#39;es</span> <span class='ocrx_word' id='word_1_209' title='bbox 934 2242 1008 2274; x_wconf 83' lang='lat' dir='ltr'>ex</span> <span class='ocrx_word' id='word_1_210' title='bbox 1037 2224 1238 2291; x_wconf 88' lang='lat' dir='ltr'>quibus</span> <span class='ocrx_word' id='word_1_211' title='bbox 1265 2225 1457 2275; x_wconf 89' lang='lat' dir='ltr'>omnia</span> <span class='ocrx_word' id='word_1_212' title='bbox 1482 2225 1635 2275; x_wconf 91' lang='lat' dir='ltr'>bona</span> <span class='ocrx_word' id='word_1_213' title='bbox 1666 2231 1725 2275; x_wconf 94' lang='lat' dir='ltr'>et</span> <span class='ocrx_word' id='word_1_214' title='bbox 1751 2241 1903 2286; x_wconf 87' lang='lat' dir='ltr'>vera,</span> <span class='ocrx_word' id='word_1_215' title='bbox 1933 2225 2042 2291; x_wconf 89' lang='lat' dir='ltr'>qui,</span> <span class='ocrx_word' id='word_1_216' title='bbox 2067 2232 2130 2275; x_wconf 90' lang='lat' dir='ltr'>ut</span> 
     </span>
     <span class='ocr_line' id='line_1_25' title="bbox 260 2297 2129 2368; baseline 0.001 -19"><span class='ocrx_word' id='word_1_217' title='bbox 260 2297 472 2350; x_wconf 60' lang='lat' dir='ltr'>did’tum</span> <span class='ocrx_word' id='word_1_218' title='bbox 494 2309 599 2361; x_wconf 90' lang='lat' dir='ltr'>est,</span> <span class='ocrx_word' id='word_1_219' title='bbox 617 2309 747 2352; x_wconf 87' lang='lat' dir='ltr'>sunt</span> <span class='ocrx_word' id='word_1_220' title='bbox 771 2318 992 2352; x_wconf 87' lang='lat' dir='ltr'>amores</span> <span class='ocrx_word' id='word_1_221' title='bbox 1021 2301 1181 2361; x_wconf 87' lang='lat' dir='ltr'>caeli,</span> <span class='ocrx_word' id='word_1_222' title='bbox 1203 2302 1460 2368; x_wconf 86' lang='lat' dir='ltr'>aperiunt</span> <span class='ocrx_word' id='word_1_223' title='bbox 1492 2309 1549 2352; x_wconf 92' lang='lat' dir='ltr'>et</span> <span class='ocrx_word' id='word_1_224' title='bbox 1579 2301 1822 2351; x_wconf 84' lang='lat' dir='ltr'>formant</span> <span class='ocrx_word' id='word_1_225' title='bbox 1846 2302 2129 2352; x_wconf 90' lang='lat' dir='ltr'>internum</span> 
     </span>
     <span class='ocr_line' id='line_1_26' title="bbox 260 2378 2129 2447; baseline 0.001 -18"><span class='ocrx_word' id='word_1_226' title='bbox 260 2378 608 2446; x_wconf 88' lang='lat' dir='ltr'>spiritualem</span> <span class='ocrx_word' id='word_1_227' title='bbox 631 2379 938 2440; x_wconf 91' lang='lat' dir='ltr'>hominem,</span> <span class='ocrx_word' id='word_1_228' title='bbox 964 2381 1091 2447; x_wconf 91' lang='lat' dir='ltr'>quia</span> <span class='ocrx_word' id='word_1_229' title='bbox 1117 2380 1192 2430; x_wconf 89' lang='lat' dir='ltr'>ibi</span> <span class='ocrx_word' id='word_1_230' title='bbox 1220 2380 1500 2431; x_wconf 87' lang='lat' dir='ltr'><strong>resident:</strong></span> <span class='ocrx_word' id='word_1_231' title='bbox 1545 2380 1659 2430; x_wconf 90' lang='lat' dir='ltr'>bini</span> <span class='ocrx_word' id='word_1_232' title='bbox 1689 2387 1879 2430; x_wconf 87' lang='lat' dir='ltr'>autem</span> <span class='ocrx_word' id='word_1_233' title='bbox 1909 2396 2129 2430; x_wconf 86' lang='lat' dir='ltr'>amores</span> 
     </span>
     <span class='ocr_line' id='line_1_27' title="bbox 259 2458 2127 2526; baseline -0.001 -17"><span class='ocrx_word' id='word_1_234' title='bbox 259 2475 334 2509; x_wconf 84' lang='lat' dir='ltr'>ex</span> <span class='ocrx_word' id='word_1_235' title='bbox 367 2458 565 2524; x_wconf 91' lang='lat' dir='ltr'>quibus</span> <span class='ocrx_word' id='word_1_236' title='bbox 598 2459 788 2509; x_wconf 90' lang='lat' dir='ltr'>omnia</span> <span class='ocrx_word' id='word_1_237' title='bbox 820 2458 970 2509; x_wconf 90' lang='lat' dir='ltr'>mala</span> <span class='ocrx_word' id='word_1_238' title='bbox 1010 2466 1067 2510; x_wconf 94' lang='lat' dir='ltr'>et</span> <span class='ocrx_word' id='word_1_239' title='bbox 1107 2458 1264 2519; x_wconf 87' lang='lat' dir='ltr'>falsa,</span> <span class='ocrx_word' id='word_1_240' title='bbox 1301 2459 1527 2526; x_wconf 89' lang='lat' dir='ltr'>quando</span> <span class='ocrx_word' id='word_1_241' title='bbox 1560 2458 1942 2519; x_wconf 83' lang='lat' dir='ltr'>dominantur,</span> <span class='ocrx_word' id='word_1_242' title='bbox 1974 2458 2127 2509; x_wconf 89' lang='lat' dir='ltr'>clau-</span> 
     </span>
     <span class='ocr_line' id='line_1_28' title="bbox 260 2536 2128 2603; baseline 0 -17"><span class='ocrx_word' id='word_1_243' title='bbox 260 2537 400 2588; x_wconf 93' lang='lat' dir='ltr'>dunt</span> <span class='ocrx_word' id='word_1_244' title='bbox 423 2544 480 2587; x_wconf 92' lang='lat' dir='ltr'>et</span> <span class='ocrx_word' id='word_1_245' title='bbox 504 2536 803 2588; x_wconf 86' lang='lat' dir='ltr'>destruunt</span> <span class='ocrx_word' id='word_1_246' title='bbox 827 2538 1110 2588; x_wconf 88' lang='lat' dir='ltr'>internum</span> <span class='ocrx_word' id='word_1_247' title='bbox 1134 2537 1482 2603; x_wconf 87' lang='lat' dir='ltr'>spiritualem</span> <span class='ocrx_word' id='word_1_248' title='bbox 1505 2537 1812 2598; x_wconf 88' lang='lat' dir='ltr'>hominem,</span> <span class='ocrx_word' id='word_1_249' title='bbox 1830 2553 1893 2587; x_wconf 87' lang='lat' dir='ltr'>ac</span> <span class='ocrx_word' id='word_1_250' title='bbox 1918 2537 2128 2587; x_wconf 87' lang='lat' dir='ltr'>faciunt</span> 
     </span>
     <span class='ocr_line' id='line_1_29' title="bbox 260 2614 2126 2683; baseline 0 -18"><span class='ocrx_word' id='word_1_251' title='bbox 260 2622 322 2666; x_wconf 93' lang='lat' dir='ltr'>ut</span> <span class='ocrx_word' id='word_1_252' title='bbox 361 2614 535 2666; x_wconf 91' lang='lat' dir='ltr'>homo</span> <span class='ocrx_word' id='word_1_253' title='bbox 575 2616 647 2666; x_wconf 92' lang='lat' dir='ltr'>sit</span> <span class='ocrx_word' id='word_1_254' title='bbox 689 2615 962 2666; x_wconf 88' lang='lat' dir='ltr'>naturalis</span> <span class='ocrx_word' id='word_1_255' title='bbox 1002 2623 1060 2667; x_wconf 93' lang='lat' dir='ltr'>et</span> <span class='ocrx_word' id='word_1_256' title='bbox 1100 2615 1376 2667; x_wconf 89' lang='lat' dir='ltr'>sensualis</span> <span class='ocrx_word' id='word_1_257' title='bbox 1409 2615 1719 2667; x_wconf 88' lang='lat' dir='ltr'>secundum</span> <span class='ocrx_word' id='word_1_258' title='bbox 1752 2623 2026 2683; x_wconf 88' lang='lat' dir='ltr'>quantum</span> <span class='ocrx_word' id='word_1_259' title='bbox 2069 2625 2126 2666; x_wconf 92' lang='lat' dir='ltr'>et</span> 
     </span>
     <span class='ocr_line' id='line_1_30' title="bbox 259 2693 925 2761; baseline 0.002 -17"><span class='ocrx_word' id='word_1_260' title='bbox 259 2693 423 2761; x_wconf 88' lang='lat' dir='ltr'>quale</span> <span class='ocrx_word' id='word_1_261' title='bbox 456 2693 687 2745; x_wconf 85' lang='lat' dir='ltr'>dominii</span> <span class='ocrx_word' id='word_1_262' title='bbox 715 2710 925 2745; x_wconf 88' lang='lat' dir='ltr'>eorum.</span> 
     </span>
    </p>
   </div>
   <div class='ocr_carea' id='block_1_4' title="bbox 931 2830 1465 2874">
    <p class='ocr_par' dir='ltr' id='par_1_7' title="bbox 931 2830 1465 2874">
     <span class='ocr_line' id='line_1_31' title="bbox 931 2830 1465 2874; baseline 0 -10"><span class='ocrx_word' id='word_1_263' title='bbox 931 2830 994 2874; x_wconf 72' lang='lat' dir='ltr'>(Ex</span> <span class='ocrx_word' id='word_1_264' title='bbox 1014 2840 1174 2864; x_wconf 75' lang='lat' dir='ltr'>ARCAms</span> <span class='ocrx_word' id='word_1_265' title='bbox 1197 2831 1465 2874; x_wconf 62' lang='lat' dir='ltr'>muesz-mus.)</span> 
     </span>
    </p>
   </div>
   <div class='ocr_carea' id='block_1_5' title="bbox 258 2914 2128 3791">
    <p class='ocr_par' dir='ltr' id='par_1_8' title="bbox 258 2914 2128 3791">
     <span class='ocr_line' id='line_1_32' title="bbox 347 2914 1679 2973; baseline -0.002 -12"><span class='ocrx_word' id='word_1_266' title='bbox 347 2915 454 2961; x_wconf 81' lang='lat'>62.</span> <span class='ocrx_word' id='word_1_267' title='bbox 497 2914 647 2973; x_wconf 73' lang='lat' dir='ltr'>Quod</span> <span class='ocrx_word' id='word_1_268' title='bbox 670 2929 809 2959; x_wconf 90' lang='lat' dir='ltr'>amor</span> <span class='ocrx_word' id='word_1_269' title='bbox 830 2915 893 2960; x_wconf 85' lang='lat' dir='ltr'>sit</span> <span class='ocrx_word' id='word_1_270' title='bbox 915 2929 1021 2960; x_wconf 91' lang='lat' dir='ltr'>esse</span> <span class='ocrx_word' id='word_1_271' title='bbox 1043 2916 1174 2959; x_wconf 87' lang='lat' dir='ltr'>vitae</span> <span class='ocrx_word' id='word_1_272' title='bbox 1198 2915 1413 2959; x_wconf 89' lang='lat' dir='ltr'>hominis</span> <span class='ocrx_word' id='word_1_273' title='bbox 1440 2917 1503 2971; x_wconf 89' lang='lat' dir='ltr'>(n.</span> <span class='ocrx_word' id='word_1_274' title='bbox 1532 2916 1679 2971; x_wconf 84' lang='lat'><strong>5002).</strong></span> 
     </span>
     <span class='ocr_line' id='line_1_33' title="bbox 347 2973 2128 3032; baseline 0.002 -16"><span class='ocrx_word' id='word_1_275' title='bbox 347 2973 495 3032; x_wconf 74' lang='lat' dir='ltr'>Quod</span> <span class='ocrx_word' id='word_1_276' title='bbox 529 2975 694 3025; x_wconf 91' lang='lat' dir='ltr'>homo,</span> <span class='ocrx_word' id='word_1_277' title='bbox 718 2975 931 3032; x_wconf 89' lang='lat' dir='ltr'>spiritus,</span> <span class='ocrx_word' id='word_1_278' title='bbox 955 2983 1006 3018; x_wconf 91' lang='lat' dir='ltr'>et</span> <span class='ocrx_word' id='word_1_279' title='bbox 1037 2975 1254 3032; x_wconf 84' lang='lat' dir='ltr'>angelus,</span> <span class='ocrx_word' id='word_1_280' title='bbox 1282 2975 1382 3018; x_wconf 88' lang='lat' dir='ltr'>sint</span> <span class='ocrx_word' id='word_1_281' title='bbox 1414 2988 1613 3031; x_wconf 89' lang='lat' dir='ltr'>prorsus</span> <span class='ocrx_word' id='word_1_282' title='bbox 1640 2975 1767 3018; x_wconf 85' lang='lat' dir='ltr'>sieut</span> <span class='ocrx_word' id='word_1_283' title='bbox 1794 2988 1963 3018; x_wconf 90' lang='lat' dir='ltr'>eorum</span> <span class='ocrx_word' id='word_1_284' title='bbox 1988 2988 2128 3019; x_wconf 90' lang='lat' dir='ltr'>amor</span> 
     </span>
     <span class='ocr_line' id='line_1_34' title="bbox 261 3033 861 3090; baseline 0.002 -14"><span class='ocrx_word' id='word_1_285' title='bbox 261 3034 326 3090; x_wconf 89' lang='lat' dir='ltr'>(n.</span> <span class='ocrx_word' id='word_1_286' title='bbox 349 3033 478 3086; x_wconf 89' lang='lat'>6872,</span> <span class='ocrx_word' id='word_1_287' title='bbox 506 3044 658 3086; x_wconf 91' lang='lat'>10177‚</span> <span class='ocrx_word' id='word_1_288' title='bbox 687 3034 861 3088; x_wconf 85' lang='lat'>10284).</span> 
     </span>
     <span class='ocr_line' id='line_1_35' title="bbox 396 3091 1682 3148; baseline 0 -14"><span class='ocrx_word' id='word_1_289' title='bbox 396 3091 495 3134; x_wconf 91' lang='lat' dir='ltr'>uod</span> <span class='ocrx_word' id='word_1_290' title='bbox 520 3092 672 3135; x_wconf 90' lang='lat' dir='ltr'>homo</span> <span class='ocrx_word' id='word_1_291' title='bbox 695 3107 783 3148; x_wconf 90' lang='lat' dir='ltr'>pro</span> <span class='ocrx_word' id='word_1_292' title='bbox 806 3092 903 3135; x_wconf 90' lang='lat' dir='ltr'>fine</span> <span class='ocrx_word' id='word_1_293' title='bbox 926 3091 1106 3135; x_wconf 89' lang='lat' dir='ltr'>habeat</span> <span class='ocrx_word' id='word_1_294' title='bbox 1128 3091 1262 3148; x_wconf 90' lang='lat' dir='ltr'>quod</span> <span class='ocrx_word' id='word_1_295' title='bbox 1289 3099 1422 3134; x_wconf 90' lang='lat' dir='ltr'>amat</span> <span class='ocrx_word' id='word_1_296' title='bbox 1442 3093 1507 3146; x_wconf 92' lang='lat' dir='ltr'>(n.</span> <span class='ocrx_word' id='word_1_297' title='bbox 1533 3091 1682 3147; x_wconf 86' lang='lat'>3796).</span> 
     </span>
     <span class='ocr_line' id='line_1_36' title="bbox 375 3150 2125 3207; baseline 0 -14"><span class='ocrx_word' id='word_1_298' title='bbox 375 3150 405 3193; x_wconf 94' lang='lat' dir='ltr'>d</span> <span class='ocrx_word' id='word_1_299' title='bbox 429 3151 563 3206; x_wconf 92' lang='lat' dir='ltr'>quod</span> <span class='ocrx_word' id='word_1_300' title='bbox 588 3150 739 3194; x_wconf 91' lang='lat' dir='ltr'>homo</span> <span class='ocrx_word' id='word_1_301' title='bbox 762 3160 894 3194; x_wconf 89' lang='lat' dir='ltr'>amat</span> <span class='ocrx_word' id='word_1_302' title='bbox 917 3159 966 3194; x_wconf 91' lang='lat' dir='ltr'>et</span> <span class='ocrx_word' id='word_1_303' title='bbox 989 3164 1077 3207; x_wconf 88' lang='lat' dir='ltr'>pro</span> <span class='ocrx_word' id='word_1_304' title='bbox 1101 3150 1197 3193; x_wconf 87' lang='lat' dir='ltr'>fine</span> <span class='ocrx_word' id='word_1_305' title='bbox 1220 3150 1382 3199; x_wconf 88' lang='lat' dir='ltr'>habet,</span> <span class='ocrx_word' id='word_1_306' title='bbox 1399 3151 1531 3206; x_wconf 89' lang='lat' dir='ltr'>quod</span> <span class='ocrx_word' id='word_1_307' title='bbox 1556 3151 1686 3206; x_wconf 88' lang='lat' dir='ltr'>apud</span> <span class='ocrx_word' id='word_1_308' title='bbox 1712 3150 1847 3192; x_wconf 86' lang='lat' dir='ltr'>illum</span> <span class='ocrx_word' id='word_1_309' title='bbox 1874 3150 2125 3194; x_wconf 77' lang='lat' dir='ltr'>universa-</span> 
     </span>
     <span class='ocr_line' id='line_1_37' title="bbox 258 3208 2005 3266; baseline -0.001 -14"><span class='ocrx_word' id='word_1_310' title='bbox 258 3208 370 3253; x_wconf 88' lang='lat' dir='ltr'>liter</span> <span class='ocrx_word' id='word_1_311' title='bbox 391 3218 574 3266; x_wconf 89' lang='lat' dir='ltr'>regnet,</span> <span class='ocrx_word' id='word_1_312' title='bbox 599 3209 695 3252; x_wconf 88' lang='lat' dir='ltr'>hoc</span> <span class='ocrx_word' id='word_1_313' title='bbox 717 3210 878 3260; x_wconf 86' lang='lat' dir='ltr'>est,·in</span> <span class='ocrx_word' id='word_1_314' title='bbox 902 3209 1132 3252; x_wconf 89' lang='lat' dir='ltr'>omnibus</span> <span class='ocrx_word' id='word_1_315' title='bbox 1157 3217 1205 3252; x_wconf 90' lang='lat' dir='ltr'>et</span> <span class='ocrx_word' id='word_1_316' title='bbox 1231 3209 1436 3265; x_wconf 87' lang='lat' dir='ltr'>singulis</span> <span class='ocrx_word' id='word_1_317' title='bbox 1463 3211 1527 3264; x_wconf 89' lang='lat' dir='ltr'>(n.</span> <span class='ocrx_word' id='word_1_318' title='bbox 1553 3209 1679 3264; x_wconf 86' lang='lat'>3796,</span> <span class='ocrx_word' id='word_1_319' title='bbox 1708 3220 1830 3263; x_wconf 85' lang='lat'>5130,</span> <span class='ocrx_word' id='word_1_320' title='bbox 1860 3211 2005 3264; x_wconf 87' lang='grc'>5949).</span> 
     </span>
     <span class='ocr_line' id='line_1_38' title="bbox 347 3266 2122 3326; baseline -0.001 -16"><span class='ocrx_word' id='word_1_321' title='bbox 347 3266 493 3326; x_wconf 71' lang='lat' dir='ltr'>Quod</span> <span class='ocrx_word' id='word_1_322' title='bbox 517 3281 656 3310; x_wconf 87' lang='lat' dir='ltr'>amor</span> <span class='ocrx_word' id='word_1_323' title='bbox 677 3269 740 3311; x_wconf 87' lang='lat' dir='ltr'>sit</span> <span class='ocrx_word' id='word_1_324' title='bbox 766 3269 899 3311; x_wconf 89' lang='lat' dir='ltr'>calor</span> <span class='ocrx_word' id='word_1_325' title='bbox 920 3268 1200 3324; x_wconf 89' lang='lat' dir='ltr'>spiritualis,</span> <span class='ocrx_word' id='word_1_326' title='bbox 1225 3276 1275 3311; x_wconf 89' lang='lat' dir='ltr'>et</span> <span class='ocrx_word' id='word_1_327' title='bbox 1302 3268 1459 3324; x_wconf 85' lang='lat' dir='ltr'>ipsum</span> <span class='ocrx_word' id='word_1_328' title='bbox 1484 3268 1634 3311; x_wconf 88' lang='lat' dir='ltr'>vitale</span> <span class='ocrx_word' id='word_1_329' title='bbox 1661 3267 1877 3311; x_wconf 88' lang='lat' dir='ltr'>hominis</span> <span class='ocrx_word' id='word_1_330' title='bbox 1905 3270 1968 3324; x_wconf 87' lang='lat' dir='ltr'>(n.</span> <span class='ocrx_word' id='word_1_331' title='bbox 1999 3267 2122 3323; x_wconf 81' lang='lat'>1589,</span> 
     </span>
     <span class='ocr_line' id='line_1_39' title="bbox 259 3326 1854 3393; baseline -0.001 -23"><span class='ocrx_word' id='word_1_332' title='bbox 259 3326 387 3380; x_wconf 88' lang='lat'>2146,</span> <span class='ocrx_word' id='word_1_333' title='bbox 412 3326 538 3381; x_wconf 86' lang='lat'>3338,</span> <span class='ocrx_word' id='word_1_334' title='bbox 561 3326 689 3393; x_wconf 81' lang='grc'>4906,</span> <span class='ocrx_word' id='word_1_335' title='bbox 709 3327 983 3393; x_wconf 59' lang='grc'>7081-7086,</span> <span class='ocrx_word' id='word_1_336' title='bbox 1007 3337 1134 3381; x_wconf 93' lang='grc'>9954,</span> <span class='ocrx_word' id='word_1_337' title='bbox 1164 3326 1338 3392; x_wconf 79' lang='grc'>10740).</span> <span class='ocrx_word' id='word_1_338' title='bbox 1845 3383 1854 3393; x_wconf 30' lang='grc' dir='ltr'><strong><em>ο</em></strong></span> 
     </span>
     <span class='ocr_line' id='line_1_40' title="bbox 347 3383 2122 3442; baseline 0.001 -15"><span class='ocrx_word' id='word_1_339' title='bbox 347 3383 494 3442; x_wconf 74' lang='lat' dir='ltr'>Quod</span> <span class='ocrx_word' id='word_1_340' title='bbox 518 3399 686 3427; x_wconf 80' lang='lat' dir='ltr'>omnia</span> <span class='ocrx_word' id='word_1_341' title='bbox 708 3386 941 3428; x_wconf 88' lang='lat' dir='ltr'>inter1ora</span> <span class='ocrx_word' id='word_1_342' title='bbox 962 3387 1092 3441; x_wconf 89' lang='lat' dir='ltr'>apud</span> <span class='ocrx_word' id='word_1_343' title='bbox 1122 3385 1387 3434; x_wconf 79' lang='lat' dir='ltr'>hominem,</span> <span class='ocrx_word' id='word_1_344' title='bbox 1412 3398 1538 3441; x_wconf 84' lang='lat' dir='ltr'>quae</span> <span class='ocrx_word' id='word_1_345' title='bbox 1566 3392 1683 3428; x_wconf 89' lang='lat' dir='ltr'>sunt</span> <span class='ocrx_word' id='word_1_346' title='bbox 1708 3384 1815 3440; x_wconf 88' lang='lat' dir='ltr'>ejus</span> <span class='ocrx_word' id='word_1_347' title='bbox 1843 3383 2122 3428; x_wconf 70' lang='lat' dir='ltr'>mtellec&#39;tus</span> 
     </span>
     <span class='ocr_line' id='line_1_41' title="bbox 258 3443 2122 3500; baseline -0.001 -13"><span class='ocrx_word' id='word_1_348' title='bbox 258 3451 308 3487; x_wconf 90' lang='lat' dir='ltr'>et</span> <span class='ocrx_word' id='word_1_349' title='bbox 328 3443 611 3493; x_wconf 88' lang='lat' dir='ltr'>voluntatis,</span> <span class='ocrx_word' id='word_1_350' title='bbox 635 3444 961 3499; x_wconf 83' lang='lat' dir='ltr'>disponantur</span> <span class='ocrx_word' id='word_1_351' title='bbox 983 3444 1031 3486; x_wconf 90' lang='lat' dir='ltr'>in</span> <span class='ocrx_word' id='word_1_352' title='bbox 1055 3443 1278 3494; x_wconf 83' lang='lat' dir='ltr'>formam,</span> <span class='ocrx_word' id='word_1_353' title='bbox 1298 3444 1568 3486; x_wconf 89' lang='lat' dir='ltr'>secundum</span> <span class='ocrx_word' id='word_1_354' title='bbox 1592 3444 1698 3500; x_wconf 86' lang='lat' dir='ltr'>ejus</span> <span class='ocrx_word' id='word_1_355' title='bbox 1721 3457 1939 3486; x_wconf 88' lang='lat' dir='ltr'>amorem</span> <span class='ocrx_word' id='word_1_356' title='bbox 1963 3444 2122 3487; x_wconf 87' lang='lat' dir='ltr'>domi-</span> 
     </span>
     <span class='ocr_line' id='line_1_42' title="bbox 258 3502 1226 3557; baseline 0.001 -13"><span class='ocrx_word' id='word_1_357' title='bbox 258 3509 459 3545; x_wconf 88' lang='lat' dir='ltr'>nantem</span> <span class='ocrx_word' id='word_1_358' title='bbox 484 3503 549 3556; x_wconf 87' lang='lat' dir='ltr'>(n.</span> <span class='ocrx_word' id='word_1_359' title='bbox 574 3502 729 3557; x_wconf 80' lang='lat'>2024[?</span> <span class='ocrx_word' id='word_1_360' title='bbox 754 3503 900 3557; x_wconf 85' lang='lat'>2023],</span> <span class='ocrx_word' id='word_1_361' title='bbox 926 3502 1051 3557; x_wconf 89' lang='lat'>3189,</span> <span class='ocrx_word' id='word_1_362' title='bbox 1075 3502 1226 3557; x_wconf 90' lang='lat'>6690).</span> 
     </span>
     <span class='ocr_line' id='line_1_43' title="bbox 347 3558 2119 3617; baseline 0 -15"><span class='ocrx_word' id='word_1_363' title='bbox 347 3558 494 3617; x_wconf 70' lang='lat' dir='ltr'>Quod</span> <span class='ocrx_word' id='word_1_364' title='bbox 531 3573 669 3603; x_wconf 88' lang='lat' dir='ltr'>amor</span> <span class='ocrx_word' id='word_1_365' title='bbox 705 3561 768 3603; x_wconf 87' lang='lat' dir='ltr'>sit</span> <span class='ocrx_word' id='word_1_366' title='bbox 810 3559 1095 3616; x_wconf 59' lang='lat' dir='ltr'>conjunffitio</span> <span class='ocrx_word' id='word_1_367' title='bbox 1132 3559 1400 3616; x_wconf 88' lang='lat' dir='ltr'>spiritualis</span> <span class='ocrx_word' id='word_1_368' title='bbox 1441 3560 1505 3616; x_wconf 88' lang='lat' dir='ltr'>(n.</span> <span class='ocrx_word' id='word_1_369' title='bbox 1538 3570 1660 3616; x_wconf 83' lang='lat'>1594,</span> <span class='ocrx_word' id='word_1_370' title='bbox 1689 3570 1816 3616; x_wconf 83' lang='lat'>2057,</span> <span class='ocrx_word' id='word_1_371' title='bbox 1841 3573 1966 3616; x_wconf 89' lang='grc'>3939,</span> <span class='ocrx_word' id='word_1_372' title='bbox 1990 3561 2119 3614; x_wconf 80' lang='grc'>4018,</span> 
     </span>
     <span class='ocr_line' id='line_1_44' title="bbox 261 3617 1338 3674; baseline 0.001 -14"><span class='ocrx_word' id='word_1_373' title='bbox 261 3617 386 3674; x_wconf 89' lang='grc'>5807,</span> <span class='ocrx_word' id='word_1_374' title='bbox 409 3618 536 3673; x_wconf 84' lang='lat'>6195,</span> <span class='ocrx_word' id='word_1_375' title='bbox 559 3618 687 3673; x_wconf 88' lang='lat'>6196,</span> <span class='ocrx_word' id='word_1_376' title='bbox 711 3619 984 3672; x_wconf 84' lang='lat'>7081-7086‚</span> <span class='ocrx_word' id='word_1_377' title='bbox 1009 3628 1135 3673; x_wconf 86' lang='lat'>7501,</span> <span class='ocrx_word' id='word_1_378' title='bbox 1165 3619 1338 3673; x_wconf 92' lang='lat'>10130).</span> 
     </span>
     <span class='ocr_line' id='line_1_45' title="bbox 350 3675 2117 3734; baseline 0.001 -15"><span class='ocrx_word' id='word_1_379' title='bbox 350 3675 471 3720; x_wconf 92' lang='lat' dir='ltr'>Inde</span> <span class='ocrx_word' id='word_1_380' title='bbox 505 3678 638 3732; x_wconf 91' lang='lat' dir='ltr'>quod</span> <span class='ocrx_word' id='word_1_381' title='bbox 674 3690 846 3721; x_wconf 90' lang='lat' dir='ltr'>omnes</span> <span class='ocrx_word' id='word_1_382' title='bbox 870 3677 918 3720; x_wconf 91' lang='lat' dir='ltr'>in</span> <span class='ocrx_word' id='word_1_383' title='bbox 958 3678 1145 3721; x_wconf 90' lang='lat' dir='ltr'>mundo</span> <span class='ocrx_word' id='word_1_384' title='bbox 1179 3676 1420 3734; x_wconf 84' lang='lat' dir='ltr'>spirituali</span> <span class='ocrx_word' id='word_1_385' title='bbox 1464 3677 1813 3722; x_wconf 89' lang='lat' dir='ltr'>consocientur</span> <span class='ocrx_word' id='word_1_386' title='bbox 1846 3678 2117 3723; x_wconf 87' lang='lat' dir='ltr'>secundum</span> 
     </span>
     <span class='ocr_line' id='line_1_46' title="bbox 258 3735 835 3791; baseline 0.002 -12"><span class='ocrx_word' id='word_1_387' title='bbox 258 3747 450 3779; x_wconf 88' lang='lat' dir='ltr'>amores</span> <span class='ocrx_word' id='word_1_388' title='bbox 472 3748 642 3778; x_wconf 86' lang='lat' dir='ltr'>eorum</span> <span class='ocrx_word' id='word_1_389' title='bbox 663 3735 835 3791; x_wconf 73' lang='lat' dir='ltr'>(ibid).</span> 
     </span>
    </p>
   </div>
  </div>
 </body>
</html>
