2566 4256
619 424 698 465 ET
738 423 876 478 EJUS
916 422 1246 464 DOCTRINA
1285 422 1739 463 CAELESTI.—N.
1773 426 1821 477 9.
2090 421 2148 477 15

759 919 1096 961 PROLOGUS
1133 919 1227 959 AD
1268 918 1674 959 DOCTRINAM.

373 1178 434 1225 8.
485 1175 647 1235 QUOD
672 1175 783 1220 finis
806 1175 1040 1220 ecclesiae
1064 1175 1140 1226 sit,
1164 1175 1366 1232 quando
1389 1174 1524 1217 nulla
1545 1173 1668 1218 fides
1691 1172 1807 1230 quia
1834 1173 1968 1216 nulla
1994 1171 2154 1216 chari-

283 1252 372 1295 tas,
387 1252 642 1288 ostensum
662 1251 737 1287 est
753 1243 801 1286 in
817 1242 1058 1299 opusculo
1073 1244 1148 1285 De
1170 1243 1349 1285 Ultimo
1370 1242 1567 1300 Judz‘cz‘o
1581 1246 1626 1284 et
1638 1241 1902 1297 Babylonia
1916 1240 2153 1283 destruc‘ia

284 1315 342 1363 (n.
361 1326 499 1363 33—39,
518 1316 634 1363 seq.).
692 1309 822 1368 Quia
839 1323 970 1352 nunc
993 1309 1227 1352 ecclesiae
1246 1309 1295 1352 in
1314 1307 1600 1353 Christiano
1617 1308 1734 1351 orbe
1758 1321 1809 1351 se
1827 1307 2155 1350 distinxerant

284 1376 444 1420 solum
478 1390 565 1434 per
589 1377 708 1420 talia
738 1390 863 1433 quae
901 1376 1016 1419 fidei
1051 1384 1180 1426 sunt,
1199 1384 1249 1419 et
1286 1389 1442 1432 usque
1481 1375 1602 1419 fides
1640 1374 1774 1418 nulla
1810 1382 1886 1418 est
1927 1374 2010 1417 ubi
2053 1387 2154 1417 non

282 1443 509 1494 charitas,
539 1443 651 1487 ideo
677 1443 824 1487 velim
859 1443 951 1493 hic,
979 1451 1094 1486 ante
1123 1442 1279 1500 ipsam
1308 1441 1613 1492 DoCtrinam,
1642 1441 1959 1498 praemittere
1991 1440 2157 1497 aliqua

283 1510 345 1554 de
360 1508 585 1554 dofirina
601 1510 856 1554 charitatis
874 1510 1004 1567 apud
1028 1510 1274 1567 antiquos.
1339 1509 1547 1560 Dicitur,
1566 1510 1781 1552 ecclesiae
1803 1511 1856 1551 in
1877 1508 2157 1551 Christiano

281 1579 398 1629 orbe,
422 1586 478 1621 et*
498 1591 583 1635 per
606 1578 712 1622 illas
740 1577 1085 1635 intelliguntur
1106 1577 1339 1621 ecclesiae
1372 1577 1504 1633 apud
1535 1576 1851 1620 Reformatos
1879 1589 1966 1619 seu
1997 1574 2156 1618 Evan-

282 1645 479 1704 gelicos,
498 1659 596 1688 non
620 1653 785 1688 autem
804 1645 934 1701 apud
962 1644 1265 1695 Pontificios,
1282 1644 1517 1701 quoniam
1542 1644 1607 1687 ibi
1628 1658 1727 1687 non
1756 1642 1974 1686 Ecclesia
1988 1641 2157 1686 Chris-

283 1712 419 1756 tiana
434 1721 534 1763 est;
568 1726 680 1755 narn
705 1712 787 1755 ubi
806 1712 1022 1762 ecclesia,
1044 1711 1108 1755 ibi
1127 1713 1362 1755 adoratur
1381 1711 1627 1755 Dominus
1645 1720 1695 1754 et
1718 1711 1899 1767 legitur
1913 1710 2157 1752 Verbum:

283 1779 426 1824 aliter
446 1780 578 1836 apud
604 1779 740 1830 illos;
774 1779 839 1822 ibi
862 1779 1133 1823 adorantur
1156 1779 1247 1836 ipsi
1270 1779 1382 1822 loco
1407 1778 1625 1829 Domini,
1650 1786 1700 1822 et
1723 1778 1942 1822 Verbum
1969 1777 2157 1820 inhibe-

283 1855 366 1891 tur
406 1847 502 1905 legi
545 1860 574 1890 a
615 1846 814 1903 populo,
842 1859 899 1890 ac
941 1845 1188 1890 dictamen
1236 1846 1398 1903 Papae
1440 1846 1643 1903 ponitur
1662 1845 1723 1901 „ei
1761 1844 1978 1902 aequale,
2004 1844 2157 1887 immo

283 1928 432 1972 supra
453 1914 517 1958 id.

371 1992 439 2037 9.
485 1979 722 2024 Doctrina
743 1980 1012 2031 charitatis,
1036 1993 1159 2037 quae
1183 1988 1257 2024 est
1280 1979 1505 2024 doctrina
1525 1980 1669 2030 vitae,
1691 1979 1784 2023 fuit
1807 1979 1913 2036 ipsa
1930 1977 2159 2022 doctrina

286 2049 334 2092 in
368 2047 603 2105 Antiquis
639 2047 870 2091 Ecclesiis
904 2050 973 2099 (de
999 2052 1144 2098 quibus
1171 2052 1345 2088 ecclesiis
1371 2052 1552 2088 videatur
1578 2052 1619 2087 in
1644 2052 1820 2088 Arcanis
1852 2043 2158 2093 Caelestibusgn.

286 2122 396 2167 1238,
413 2121 554 2166 2385);
587 2122 637 2158 et
660 2114 742 2157 illa
764 2113 990 2157 doctrina
1012 2113 1272 2170 conjunxit
1295 2127 1468 2157 omnes
1491 2114 1735 2163 ecclesias,
1754 2127 1811 2156 ac
1839 2113 1907 2156 ita
1928 2127 1988 2156 ex
2007 2111 2158 2168 pluri—

284 2181 376 2224 bus
403 2194 551 2224 unam
579 2179 719 2224 fecit:
762 2194 852 2237 pro
885 2179 1167 2223 hominibus
1194 2180 1325 2223 enim
1364 2180 1598 2224 ecclesiae
1635 2188 1946 2237 agnoverunt
1983 2192 2158 2222 omnes

293 2248 402 2291 illos
428 2248 514 2304 qui
539 2248 586 2290 in
610 2248 743 2291 bono
766 2247 1022 2291 charitatis
1043 2247 1287 2297 vixerunt,
1306 2255 1356 2290 et
1370 2256 1673 2291 vocaverunt
1696 2247 1882 2296 fratres,
1902 2255 2158 2303 utcunque

287 2323 540 2372 praeterea
559 2315 606 2358 in
625 2315 767 2364 veris,
783 2328 908 2372 quae
927 2314 1076 2358 hodie
1094 2314 1208 2358 fidei
1227 2314 1471 2366 dicuntur,
1489 2315 1847 2371 discreparent;
1872 2315 1919 2357 in
1939 2314 2015 2358 his
2031 2327 2158 2357 unus

285 2382 494 2426 alterum
523 2382 768 2432 instruxit,
793 2382 927 2439 quod
961 2390 1067 2425 erat
1100 2382 1228 2425 inter
1253 2396 1404 2438 opera
1436 2396 1606 2426 eorum
1641 2382 1919 2433 charitatis;
1953 2390 2003 2426 et
2035 2395 2159 2438 quo-

287 2463 383 2506 que
406 2463 505 2492 non
527 2448 767 2506 indignati
786 2457 902 2492 sunt
925 2449 963 2492 si
983 2463 1109 2492 unus
1132 2449 1193 2492 ad
1217 2449 1417 2493 alterius
1440 2450 1738 2493 sententiam
1763 2463 1863 2493 non
1886 2449 2158 2499 accederet,
2231 2507 2233 2509 ι

286 2517 498 2561 scientes
536 2517 669 2574 quod
707 2517 917 2574 quisque
955 2524 1150 2559 tantum
1177 2517 1280 2560 veri
1314 2517 1518 2574 recipiat
1550 2526 1791 2574 quantum
1827 2518 1875 2560 in
1902 2518 2035 2560 bono
2069 2525 2158 2561 est.

287 2583 417 2642 Quia
447 2585 571 2628 tales
598 2583 796 2627 fuerunt
834 2583 1084 2640 Antiquae
1121 2583 1380 2634 Ecclesiae,
1416 2585 1600 2628 idcirco
1634 2585 1892 2628 interiores
1931 2584 2159 2628 homines

285 2651 509 2703 fuerunt3
542 2659 593 2695 et
619 2651 734 2708 quia
766 2651 1037 2700 interiores,
1066 2650 1266 2694 fuerunt
1298 2651 1649 2708 sapientiores:
1683 2666 1796 2695 nam
1830 2651 1914 2709 qui
1949 2652 1998 2694 in
2025 2652 2159 2695 bono

287 2719 469 2763 amoris
491 2726 542 2762 et
558 2718 813 2762 charitatis
836 2726 966 2768 sunt,
988 2717 1055 2760 illi
1080 2718 1243 2774 quoad
1264 2718 1514 2762 internum
1533 2719 1786 2762 hominem
1806 2719 1854 2761 in
1873 2719 2010 2762 caelo
2028 2727 2158 2768 sunt,

289 2795 339 2830 et
366 2785 430 2829 ibi
457 2786 620 2843 quoad
656 2786 792 2828 illum
828 2785 876 2828 in
903 2786 1140 2829 societate
1178 2786 1400 2842 angelica
1432 2800 1558 2843 quae
1595 2786 1644 2829 in
1678 2787 1824 2830 simili
1859 2787 2016 2836 bono;
2045 2786 2160 2830 inde

291 2853 505 2898 elevatio
532 2853 712 2896 mentis
739 2866 909 2896 eorum
936 2853 998 2896 ad
1033 2852 1279 2903 interiora,
1304 2861 1354 2896 et
1387 2862 1746 2910 consequenter
1774 2853 1867 2897 illis
1894 2853 2159 2909 sapientia;

289 2921 489 2964 aliunde
511 2919 641 2964 enim
666 2919 909 2976 sapientia
931 2933 1030 2962 non
1053 2919 1221 2963 venire
1246 2928 1412 2976 potest
1434 2934 1582 2976 quam
1611 2934 1637 2963 e
1664 2921 1814 2970 caelo,
1839 2921 1934 2964 hoc
1961 2928 2049 2970 est,
2074 2933 2160 2976 per

290 2987 478 3031 caelum
503 3001 532 3031 a
555 2987 797 3038 Domino;
830 3000 887 3030 ac
913 2987 961 3029 in
989 2987 1127 3030 caelo
1153 2995 1228 3030 est
1254 2987 1509 3044 sapientia,
1533 2987 1648 3044 quia
1676 2988 1740 3030 ibi
1775 2988 1823 3030 in
1850 2989 1984 3031 bono
2017 2996 2159 3031 sunt:

287 3054 527 3111 sapientia
540 3062 616 3098 est
629 3054 797 3098 videre
811 3068 983 3098 verum
1000 3068 1059 3097 ex
1075 3054 1183 3097 luce
1202 3054 1317 3104 veri,
1332 3063 1382 3098 et
1401 3055 1484 3097 lux
1497 3055 1601 3098 veri
1620 3063 1694 3098 est
1712 3055 1795 3098 lux
1813 3069 1938 3111 quae
1958 3055 2005 3097 in
2022 3055 2159 3098 caelo

287 3130 376 3166 est.
431 3120 528 3165 Sed
556 3121 797 3178 sapientia
814 3121 896 3164 illa
914 3121 1117 3178 antiqua
1135 3135 1364 3164 successu
1380 3122 1620 3178 temporis
1639 3123 1858 3166 decrevit
1875 3137 1884 3172 ;
1917 3130 2158 3179 quantum

287 3188 419 3232 enirn
451 3202 608 3245 genus
646 3188 918 3232 humanum
945 3202 973 3231 a
998 3189 1132 3231 bono
1164 3189 1345 3232 amoris
1369 3188 1417 3231 in
1447 3189 1732 3239 Dominum,
1756 3198 1806 3233 et
1831 3189 2012 3233 amoris
2045 3202 2162 3246 erga

289 3255 582 3311 proximum,
617 3255 702 3312 qui
734 3269 874 3299 amor
898 3263 1108 3299 vocatur
1133 3255 1359 3305 charitas,
1388 3270 1439 3299 se
1475 3257 1697 3306 removit,
1721 3265 1915 3300 tantum
1949 3257 2097 3300 etiam
2132 3269 2161 3300 a

288 3321 542 3378 sapientia,
568 3321 684 3378 quia
704 3330 898 3365 tantum
924 3336 976 3365 se
1001 3323 1211 3365 removit
1245 3336 1272 3365 a
1305 3323 1467 3366 caelo:
1502 3323 1615 3366 inde
1645 3331 1720 3366 est
1757 3324 1891 3380 quod
1919 3323 2072 3366 homo
2098 3324 2160 3366 ab

290 3388 486 3432 interno
512 3387 673 3432 factus
706 3388 771 3432 sit
798 3397 1043 3439 externus,
1068 3397 1118 3432 et
1145 3389 1239 3432 hoc
1266 3390 1564 3440 successive;
1597 3398 1646 3433 et
1673 3403 1786 3432 cum
1818 3391 1970 3434 homo
2003 3390 2160 3435 factus

289 3463 365 3499 est
387 3463 633 3505 externus,
658 3455 805 3499 etiam
832 3454 988 3499 sacius
1013 3464 1088 3499 est
1112 3457 1392 3500 mundanus
1419 3464 1468 3500 et
1495 3470 1787 3513 corporeus;
1819 3466 1870 3500 et
1902 3472 2014 3501 cum
2047 3458 2159 3502 talis

289 3530 376 3574 est,
403 3535 574 3578 parum
609 3530 748 3566 curat
780 3536 904 3579 quae
931 3523 1051 3566 caeli
1085 3531 1212 3572 sunt,
1242 3537 1354 3566 nam
1394 3531 1514 3567 tunc
1546 3533 1792 3580 occupant
1820 3524 1957 3567 illum
1995 3533 2158 3568 totum

290 3588 509 3645 jucunda
545 3602 767 3632 amorum
812 3590 1133 3639 terrestrium,
1161 3598 1211 3633 et
1248 3604 1360 3633 cum
1403 3590 1496 3634 illis
1540 3591 1679 3640 mala,
1708 3605 1833 3647 quae
1871 3591 2060 3635 homini
2099 3606 2159 3635 ex

294 3655 544 3698 amoribus
585 3654 678 3699 illis
709 3655 927 3712 jucunda
953 3664 1094 3699 sunt:
1136 3664 1185 3699 et
1217 3665 1337 3700 tunc
1371 3657 1452 3700 illa
1485 3671 1611 3713 quae
1645 3657 1784 3701 audit
1821 3658 1883 3702 de
1905 3658 2008 3701 vita
2045 3667 2158 3715 post

295 3730 518 3773 mortem,
543 3721 604 3765 de
627 3723 763 3765 caelo
786 3730 835 3765 et
859 3721 1062 3773 inferno,
1081 3723 1232 3766 verbo
1256 3724 1316 3767 de
1338 3723 1686 3780 spiritualibus,
1711 3733 1826 3769 sunt
1848 3725 1986 3782 quasi
2020 3734 2157 3769 extra
