2496 4250
0 2944 16 2979 t

0 2988 17 3030 ἕ
31 2998 34 2999 ⁷

512 433 591 472 ET
632 431 769 486 EJUS
811 430 1139 472 DOCTRINA
1179 432 1632 473 CAELESTI.—N.
1664 435 1780 472 222.
1994 434 2093 487 129

229 585 377 628 quam
394 570 611 615 vifturus
626 579 700 615 est
720 571 766 616 in
783 578 1051 614 aeternum:
1074 571 1194 615 haec
1209 572 1310 615 vita
1325 572 1618 615 describitur
1634 572 1681 614 in
1698 572 1862 615 Verbo
1883 572 1929 614 in
1946 583 2090 615 sensu

230 630 423 674 litterae
439 644 524 687 per
539 630 657 673 talia
672 643 796 686 quae
814 638 929 672 sunt
944 630 1074 672 vitae
1089 631 1320 686 corporis,
1339 645 1514 686 nempe
1533 645 1618 687 per
1633 638 1642 652 ‘
1656 644 1851 674 carnem
1870 631 1878 644 ’
1894 639 1943 674 et
1960 637 2091 674 ‘san-

229 688 428 746 guinem
446 689 469 738 ;'
502 697 551 732 et
573 688 689 744 quia
704 688 806 731 vita
828 688 1095 743 spiritualis
1118 687 1334 732 hominis
1356 689 1577 732 subsistit
1603 703 1687 745 per
1704 690 1885 732 bonum
1912 689 2092 732 amoris

229 755 278 790 et
294 760 464 790 verum
485 746 611 796 fidei,
632 747 744 789 ideo
762 747 946 789 bonum
966 747 1146 790 amoris
1171 748 1459 804 intelligitur
1482 761 1566 803 per
1585 754 1594 769 ‘
1608 761 1818 796 carnem,
1827 748 1834 760 ¹
1854 755 1903 790 et
1922 761 2090 790 verum

230 804 344 849 fidei
378 813 495 872 per‘
511 805 830 862 sanguinem,’
855 804 902 846 in
930 819 1072 848 sensu
1104 806 1296 849 interno
1325 806 1501 849 Verbi:
1540 807 1660 849 haec
1688 813 1804 862 per‘
1820 819 2016 848 carnem
2044 814 2093 848 et

229 863 518 921 sanguinem
572 864 912 920 intelliguntur
945 863 991 905 in
1027 864 1188 913 caelo;
1227 865 1451 907 similiter
1477 870 1598 920 per‘
1614 878 1789 920 panem
1818 874 1866 907 et
1894 865 2092 912 vinum,¹

230 922 463 978 quoniam
492 929 610 978 per‘
626 935 800 978 panem
853 935 1050 978 prorsus
1083 922 1241 965 simile
1276 923 1339 965 ibi
1376 923 1664 979 intelligitur
1691 924 1823 979 quod
1859 930 1976 979 per‘
1990 936 2092 965 car-

228 994 355 1030 nem,
362 980 443 1024 ’et
466 987 583 1037 per‘
597 981 765 1023 vinum
816 994 1013 1036 prorsus
1037 981 1195 1023 simile
1223 982 1355 1037 quod
1386 988 1502 1047 per‘
1517 982 1820 1038 sanguinem
1901 981 1995 1024 Sed
2025 981 2091 1023 illi

228 1038 311 1095 qui
331 1052 430 1082 non
449 1039 726 1095 spirituales
742 1039 967 1082 homines
986 1048 1114 1088 sunt,
1133 1040 1226 1082 hoc
1244 1054 1340 1082 non
1360 1040 1586 1106 capiunt;
1612 1050 1841 1083 maneant
1863 1040 2026 1096 itaque
2043 1039 2090 1081 in

227 1110 316 1141 sua
337 1097 446 1147 fide,
472 1098 621 1140 modo
644 1098 847 1141 credant
871 1098 1039 1154 quod
1030 1113 1077 1140 1n
1103 1097 1251 1141 Sacra
1274 1097 1409 1141 Cena
1431 1112 1487 1142 ac
1512 1099 1558 1140 in
1579 1099 1744 1141 Verbo
1767 1098 1990 1141 sanctum
2014 1098 2091 1146 sit,

228 1155 344 1212 quia
365 1169 394 1199 a
419 1155 647 1199 Domino.
703 1156 778 1199 Sit
800 1156 932 1213 quod
959 1170 1056 1199 non
1082 1157 1239 1199 sciant
1263 1157 1344 1199 ubi
1370 1157 1417 1199 id
1441 1156 1689 1206 sanctum;
1722 1171 1877 1213 usque
1900 1157 1983 1213 qui
2008 1157 2093 1199 ali-

228 1227 326 1270 qua
349 1215 663 1271 perceptione
689 1214 918 1258 interiore
942 1216 1140 1271 pollent,
1160 1216 1440 1271 expendant
1464 1229 1579 1257 num
1604 1229 1717 1258 caro
1741 1215 2093 1271 per‘carnem‚'

228 1281 278 1316 et
302 1273 500 1331 sanguis
523 1287 608 1330 per
626 1274 961 1331 ‘sanguinem'
981 1274 1283 1331 intelligatur
1306 1274 1352 1316 in
1378 1274 1453 1317 his
1476 1275 1596 1317 locis
1615 1273 1743 1317 :—In
1761 1275 2062 1331 Apocalypsi,

304 1386 312 1400 ¹
326 1383 419 1419 Vidi
444 1383 630 1430 angelum
648 1389 818 1419 stantem
837 1383 876 1419 in
895 1383 990 1427 sole,
1010 1383 1077 1430 qui
1097 1383 1280 1419 clamavit
1297 1394 1396 1420 voce
1421 1395 1578 1430 magna,
1599 1384 1734 1419 dicens
1753 1385 1938 1420 omnibus
1957 1384 2095 1420 avibus

427 1433 652 1470 volantibus
666 1434 706 1468 in
721 1435 854 1470 medio
866 1435 975 1476 caeli,
991 1463 998 1471 .
1015 1463 1023 1471 .
1039 1434 1347 1480 Congregamini
1362 1435 1413 1470 ad
1429 1445 1566 1470 cenam
1585 1435 1716 1480 magni
1734 1435 1809 1470 Dei
1823 1447 1830 1478 ;
1852 1441 1895 1470 ut
1910 1435 2097 1481 comedas

427 1484 475 1519 tis
493 1495 630 1520 carnes
648 1495 798 1530 regum,
815 1490 853 1520 et
872 1495 1008 1528 carnes
1024 1485 1339 1527 chiliarchorum,
1356 1490 1394 1520 et
1412 1496 1549 1520 carnes
1568 1485 1739 1527 fortium,
1760 1491 1798 1520 et
1817 1496 1954 1521 carnes
1973 1496 2094 1530 equo-

428 1545 516 1570 rum
535 1540 574 1570 et
590 1534 812 1570 sedentium
831 1546 950 1581 super
968 1535 1052 1577 illis,
1070 1541 1108 1570 et
1126 1546 1263 1571 carnes
1282 1535 1462 1570 omnium
1480 1535 1694 1570 liberorum
1714 1540 1751 1570 et
1770 1546 1987 1578 servorum,
2007 1547 2094 1582 par-

429 1595 570 1620 vorum
589 1590 627 1620 et
645 1585 903 1631 magnorum'
927 1585 1022 1631 (xix.
1046 1596 1103 1630 17,
1127 1586 1213 1632 18);

229 1689 340 1746 quis
366 1703 573 1746 usquam
602 1690 722 1733 haec
750 1690 1004 1747 intelliget,
1034 1690 1126 1734 nisi
1155 1691 1277 1734 sciat
1304 1691 1421 1747 quid
1452 1691 1614 1734 ‘caro’
1644 1691 1690 1733 in
1725 1705 1870 1734 sensu
1901 1692 2094 1735 interno

229 1747 486 1805 significat,
514 1756 564 1792 et
596 1749 688 1792 nisi
722 1749 840 1806 quid
869 1749 1061 1806 ‘reges,’
1086 1749 1393 1799 ‘chiliarchi‚'
1419 1749 1623 1799 ‘fortes‚’
1649 1750 1815 1806 ‘equi‚’
1841 1751 2094 1794 ‘sedentes

230 1820 378 1863 super
399 1807 522 1858 illis,'
547 1807 708 1851 ‘liberi
724 1808 733 1821 ’
757 1816 806 1851 et
829 1808 979 1851 ‘servi
996 1807 1029 1851 ?’
1095 1808 1156 1851 Et
1179 1809 1309 1865 apud
1333 1809 1639 1858 Ezechielem,

305 1918 392 1956 ‘Sic
419 1919 516 1955 dixit
544 1919 742 1955 Dominus
769 1919 953 1968 Jehovih,
976 1919 1051 1955 Dic
1078 1919 1187 1954 omni
1215 1919 1277 1955 avi
1305 1919 1414 1962 caeli,
1439 1919 1547 1955 omni
1574 1919 1723 1954 bestiae
1750 1919 1844 1965 agri,
1868 1919 2095 1965 Congreget-

429 1969 524 2005 mini
542 1975 582 2005 et
599 1969 748 2012 venite;
773 1975 1010 2015 congregate
1024 1980 1094 2005 vos
1113 1981 1137 2005 a
1154 1970 1318 2006 circuitu
1333 1981 1451 2016 super
1464 1969 1698 2005 sacrificium
1714 1980 1861 2011 meum,
1878 1970 1988 2015 quod
2007 1970 2095 2015 Ego

429 2019 606 2056 sacrifico
630 2020 754 2060 vobis,
774 2019 1008 2055 sacrificium
1036 2030 1226 2066 magnum
1249 2031 1367 2066 super
1391 2020 1592 2056 montibus
1621 2020 1787 2062 Israelis,
1808 2025 1851 2055 ut
1878 2020 2095 2069 comedatis

428 2081 588 2106 carnem
625 2076 663 2106 et
696 2070 839 2105 bibatis
870 2070 1123 2116 sanguinem:
1162 2081 1320 2106 carnem
1352 2070 1511 2106 fortium
1537 2070 1764 2112 comedetis,
1794 2075 1832 2105 et
1861 2070 2094 2115 sanguinem

427 2119 653 2167 principum
671 2125 796 2155 terrae
813 2120 955 2155 bibetis
960 2148 1063 2162 .....
1077 2125 1116 2155 et
1134 2121 1349 2156 comedetis
1371 2121 1530 2167 adipem
1558 2121 1610 2156 ad
1636 2121 1868 2162 satietatem,
1889 2125 1926 2155 et
1953 2120 2095 2154 bibetis

428 2171 660 2217 sanguinem
682 2181 809 2216 usque
836 2171 888 2206 ad
915 2170 1158 2214 ebrietatem,
1178 2171 1229 2206 de
1249 2170 1440 2207 sacrificio
1462 2182 1553 2206 meo
1575 2172 1686 2216 quod
1712 2170 1941 2206 sacrificabo
1959 2170 2092 2212 vobis;

422 2219 659 2255 satiabimini
682 2229 801 2265 super
821 2230 959 2254 mensa
979 2230 1081 2261 mea,
1102 2230 1219 2264 equo,
1240 2224 1278 2254 et
1305 2230 1436 2260 curru,
1456 2218 1556 2260 forti,
1581 2223 1619 2253 et
1646 2217 1755 2253 omm’
1773 2218 1858 2253 viro
1879 2217 1995 2254 belli:
2031 2246 2039 2254 .
2057 2246 2066 2255 .

421 2269 477 2306 sic
495 2270 602 2305 dabo
623 2269 790 2316 gloriam
811 2280 942 2305 meam
961 2269 1063 2305 inter
1079 2269 1238 2316 gentes'
1265 2269 1414 2315 (xxxix.
1439 2266 1619 2314 17—21).''

225 2376 425 2434 (Agitur
443 2375 508 2418 ibi
532 2376 593 2418 de
613 2376 971 2418 convocatione
994 2375 1215 2418 omnium
1239 2375 1301 2417 ad
1326 2388 1530 2431 regnum
1552 2374 1766 2424 Domini,
1787 2382 1836 2417 et
1860 2374 1907 2416 in
1931 2375 2092 2431 specie

228 2439 289 2482 de
313 2439 667 2482 instauratione
685 2439 918 2482 ecclesiae
940 2440 1070 2496 apud
1093 2448 1266 2497 gentes
1285 2455 1293 2492 ;
1326 2449 1376 2483 et
1399 2454 1485 2496 per
1502 2440 1800 2482 “comedere
1823 2453 2019 2482 carnem
2044 2448 2094 2482 et

216 2506 393 2549 bibere
416 2506 750 2563 sanguinem,’'
773 2506 1078 2562 significatur
1099 2507 1415 2563 appropriare
1439 2507 1530 2550 sibi
1556 2507 1793 2549 Divinum
1821 2506 2014 2549 Bonum
2043 2516 2093 2549 et

232 2571 468 2616 Divinum
494 2573 691 2622 Verum,
718 2573 786 2616 ita
810 2572 1034 2616 sanetum
1058 2575 1190 2630 quod
1221 2574 1444 2630 procedit
1470 2588 1499 2616 a
1523 2573 1705 2616 Divino
1732 2573 1965 2616 Humano
1992 2573 2092 2616 Do·

229 2640 380 2683 mini„
406 2639 529 2698 Quis
549 2655 647 2683 non
664 2640 833 2683 videre
852 2650 1016 2696 potest
1034 2642 1166 2697 quod
1188 2655 1286 2684 non
1305 2655 1419 2684 caro
1439 2655 1524 2696 per
1540 2648 1772 2684 “carnem
1790 2641 1812 2654 '’
1829 2649 1877 2683 et
1895 2642 2093 2698 sanguis

229 2721 316 2764 per
333 2714 357 2730 ‘⁴
371 2708 659 2765 sanguinem
675 2708 698 2722 ’'
718 2708 783 2751 ibi
803 2708 1140 2765 intelligatur?
1164 2717 1218 2751 ut
1236 2709 1369 2765 quod
1392 2716 1415 2730 ‘⁴
1429 2722 1624 2752 carnem
1645 2709 1845 2752 fortium
1865 2710 2094 2752 comede—

227 2775 380 2825 rent,’'
404 2781 428 2797 “
445 2775 733 2832 sanguinem
758 2776 1033 2832 principum
1057 2784 1214 2819 terrae
1240 2776 1509 2826 biberent,’'
1533 2785 1581 2820 et
1603 2777 1737 2833 quod
1762 2778 2089 2833 “sanguinem

230 2841 455 2885 biberent
477 2857 630 2899 usque
657 2843 719 2886 ad
746 2843 1034 2886 ebrietatem
1050 2843 1088 2893 ;”
1122 2852 1227 2886 tum
1252 2844 1385 2899 quod
1411 2850 1435 2865 “
1451 2843 1746 2886 satiarentur
1768 2857 1907 2899 equo,
1932 2858 2090 2894 curru,

228 2907 343 2951 forti
367 2917 416 2952 et
439 2909 572 2952 omni
595 2910 704 2953 viro
726 2910 884 2953 belli.''
931 2909 1083 2967 (Quid
1109 2923 1193 2965 per
1211 2916 1364 2952 “aves
1387 2910 1506 2953 caeli
1524 2911 1547 2924 ’'
1567 2919 1615 2953 et
1635 2916 1658 2932 ‘⁴
1676 2910 1855 2953 bestias
1879 2911 1981 2967 agri
2001 2911 2023 2924 ’'
2043 2911 2090 2953 in

228 2988 383 3019 sensu·
397 2977 637 3032 spirituali
662 2977 977 3034 significatur,
998 2977 1223 3020 videatur
1246 2976 1294 3018 in
1317 2990 1464 3032 opere
1482 2978 1556 3019 De
1581 2978 1717 3020 Caelo
1740 2983 1785 3020 et
1805 2978 2019 3034 Inferna,
2046 2992 2090 3020 n.

233 3054 248 3084 1
263 3055 326 3092 10,
350 3050 399 3086 et
422 3043 471 3085 in
495 3044 626 3087 notis
650 3044 714 3086 ibi
737 3045 759 3086 l
783 3045 1030 3099 [videatur
1052 3044 1199 3086 editio
1210 3045 1458 3100 princeps]
1468 3045 1496 3098 .)

317 3155 341 3171 ‘⁴
360 3148 713 3204 Expendantur
739 3163 869 3192 nunc
892 3149 1026 3196 haec,
1047 3162 1170 3204 quae
1198 3147 1442 3191 Dominus
1466 3148 1527 3191 de
1554 3161 1642 3190 sua
1664 3161 1808 3190 carne
1837 3155 1885 3190 et
1914 3148 1974 3191 de
2002 3161 2091 3191 suo

227 3207 465 3264 sanguine
488 3207 612 3250 dixit
633 3208 763 3262 apud
796 3208 1080 3265 Johannem,

301 3310 309 3325 ·
326 3307 453 3347 Panis.
474 3317 593 3352 quem
614 3307 701 3353 Ego
720 3307 839 3350 dabo,
860 3318 952 3343 earo
970 3318 1060 3342 mea
1079 3312 1135 3342 est
1150 3335 1255 3344 .....
1309 3306 1452 3348 Amen,
1468 3317 1597 3348 amen,
1618 3306 1707 3341 dico
1726 3306 1849 3347 vobis,
1869 3305 1942 3341 nisi
1961 3316 2091 3342 come-

427 3357 559 3393 deritis
570 3368 727 3393 carnem
743 3358 828 3393 Filii
840 3357 1021 3399 hominis,
1034 3363 1071 3392 et
1083 3357 1266 3392 biberetis
1281 3357 1408 3401 Ipsius
1418 3356 1663 3401 sanguinem,
1675 3367 1755 3391 non
1767 3356 1960 3391 habebitis
1971 3356 2090 3391 vitam

426 3407 467 3442 in
480 3407 604 3444 vobis.
650 3407 729 3452 Qui
748 3407 921 3443 comedit
939 3418 1068 3442 meam
1085 3417 1243 3442 carnem
1259 3412 1297 3441 et
1311 3407 1408 3441 bibit
1423 3417 1558 3441 meum
1574 3406 1819 3452 sanguinem,
1835 3406 1955 3441 habet
1970 3406 2089 3441 vitam

427 3462 640 3499 aeternam,
664 3463 702 3492 et
733 3469 808 3503 ego
835 3457 1077 3493 resuscitabo
1104 3457 1213 3492 illum
1242 3461 1418 3491 extremo
1440 3456 1523 3498 die;
1562 3467 1654 3491 nam
1683 3467 1774 3491 caro
1802 3466 1891 3491 mea
1917 3461 1975 3491 est
2001 3467 2091 3492 vere

427 3507 550 3549 cibus,
570 3512 608 3542 et
634 3507 792 3552 sanguis
810 3518 922 3542 meus
945 3513 1002 3542 est
1022 3518 1113 3542 vere
1132 3512 1271 3553 potus:
1302 3506 1370 3551 qui
1393 3506 1564 3541 comedit
1592 3517 1721 3540 meam
1742 3517 1914 3547 carnem,
1934 3512 1973 3541 et
1992 3506 2091 3542 bibit

431 3567 565 3592 meum
580 3557 825 3603 sanguinem,
841 3557 880 3592 in
898 3558 968 3592 Me
982 3563 1127 3599 manet,
1144 3563 1182 3592 et
1198 3557 1284 3602 Ego
1299 3556 1339 3590 in
1354 3556 1432 3593 i110.
1459 3584 1468 3593 .
1484 3585 1492 3592 .
1510 3584 1519 3593 .
1535 3585 1543 3592 .
1560 3556 1640 3591 Hic
1654 3555 1767 3602 panis
1781 3562 1839 3591 est
1853 3556 1921 3602 qui
1939 3567 1961 3591 e
1980 3557 2090 3592 caelo

427 3606 650 3643 descendit’
675 3606 742 3654 (vi.
763 3607 919 3654 50-58).

228 3711 375 3772 Quod
395 3719 405 3734 ¹
420 3726 534 3756 caro
549 3713 558 3727 '
578 3713 779 3757 Domini
803 3713 865 3757 sit
890 3713 1122 3757 Divinum
1151 3713 1359 3763 Bonum,
1385 3720 1434 3756 et
1457 3721 1466 3734 ⁴
1483 3712 1706 3770 sanguis'
1733 3712 1965 3756 Divinum
1991 3712 2088 3757 Ve-
