2496 4250
951 409 1153 450 INDEX
1194 408 1415 450 RERUM
1456 406 1663 448 PRIOR.
2073 395 2235 445 xxvii

502 549 628 604 Quod
657 549 718 590 illi
739 550 810 604 qui
839 548 882 589 in
904 562 1043 589 amore
1068 562 1163 589 vere
1186 547 1408 602 conjugiali
1437 555 1548 598 sunt,
1571 547 1650 588 sint
1679 545 1835 588 formae
1860 547 2010 588 amoris
2036 546 2237 595 caelestis,

582 613 814 668 spiritualis,
834 619 876 655 et
894 612 1089 654 naturalis
1110 612 1169 669 (n.
1188 612 1395 665 677-682,
1413 609 1523 668 seq.).

501 711 627 765 Quod
660 710 786 752 homo
810 716 967 751 creatus
996 710 1047 750 sit
1075 709 1207 750 forma
1239 709 1389 750 amoris
1418 716 1459 750 et
1488 708 1711 764 sapientiae
1743 707 1804 766 (n.
1826 706 2014 760 683-685
2040 712 2115 760 [De
2133 714 2220 746 Am.

589 781 705 822 Conj„
722 791 758 815 n.
777 781 828 821 16,
846 782 918 821 183,
935 773 1046 829 361]).

500 871 627 926 Quod
645 870 785 912 omnia
804 871 847 910 in
866 871 1034 910 homine
1049 870 1130 910 sint
1149 869 1363 911 a&ua1iter
1377 869 1546 910 effeetus
1569 870 1718 910 amoris
1739 875 1779 910 et
1797 869 2036 923 sapientiae,
2053 867 2123 922 qui
2142 873 2236 909 sunt

580 948 676 976 usus
699 934 816 992 (vide
836 935 962 988 USHS)
985 933 1046 991 (n.
1063 934 1253 986 686—693
1275 940 1348 983 [De
1361 941 1447 973 Am.
1465 941 1582 981 Cous„
1599 951 1634 974 n.
1653 941 1705 981 16,
1723 932 1834 990 183]).

66 1014 121 1067 εἴ
499 1031 670 1086 [11Quod
689 1032 815 1072 homo
835 1037 992 1072 creatus
1012 1031 1062 1071 sit
1081 1030 1213 1070 forma
1231 1030 1380 1070 amoris
1401 1036 1440 1070 et
1464 1029 1686 1083 sapientiae
1710 1027 1770 1086 (n.
1785 1026 1902 1085 683).

499 1128 626 1182 Quod
645 1128 750 1168 nihil
768 1127 814 1168 in
833 1127 1001 1168 homine
1021 1127 1166 1167 deesse
1186 1126 1314 1180 possit
1331 1133 1377 1167 ut
1395 1126 1440 1166 in
1462 1125 1716 1180 perfectione
1737 1125 1788 1166 sit
1809 1125 1882 1166 illa
1901 1125 2033 1165 forma
2059 1128 2119 1183 (n.
2137 1125 2232 1176 684,
2273 1111 2278 1115 ⁵

580 1190 699 1248 685).

497 1288 623 1343 Quod
646 1287 786 1329 omnia
803 1287 848 1328 in
866 1286 1036 1327 homine
1057 1286 1137 1327 sint
1158 1299 1255 1326 usus
1279 1299 1331 1326 ex
1350 1298 1488 1326 amore
1511 1298 1585 1338 per
1603 1283 1845 1338 sapientiam
1870 1283 1930 1341 (n.
1948 1283 2142 1336 686-690
2160 1289 2234 1333 [De

579 1359 666 1392 Am.
684 1359 800 1399 Conj.‚
821 1369 856 1391 n.
877 1350 987 1407 183]).

495 1448 621 1502 Quod
658 1448 784 1488 homo
825 1447 876 1488 sit
905 1461 988 1487 una
1022 1447 1146 1487 series
1179 1446 1363 1487 omnium
1395 1459 1543 1486 usuum
1578 1445 1620 1485 in
1649 1445 1842 1485 universo
1874 1443 1986 1502 (vide
2012 1443 2141 1501 Usus)
2170 1443 2230 1501 (n.

579 1512 800 1569 691-693)·

495 1606 620 1660 Quod
638 1606 764 1646 homo
783 1606 834 1646 sit
853 1605 983 1646 forma
1002 1606 1123 1646 trium
1147 1605 1405 1658 [21graduum‚
1423 1603 1624 1654 caelestis,
1640 1602 1872 1657 spiritualis,
1894 1609 1934 1644 et
1952 1602 2147 1643 naturalis
2169 1601 2215 1659 (n

578 1670 673 1723 699,
692 1678 786 1722 709,
804 1678 876 1722 719
897 1675 971 1719 [De
981 1677 1067 1709 Am.
1087 1676 1203 1716 conj„
1220 1686 1255 1709 n.
1273 1676 1327 1716 67,
1345 1667 1455 1725 532]).

493 1766 716 1820 Quomodo
744 1765 871 1806 homo
899 1765 945 1807 fit
971 1765 1066 1807 talis
1093 1765 1238 1814 forma,
1263 1771 1304 1806 et
1332 1765 1447 1819 quod
1475 1778 1591 1805 amor
1614 1764 1856 1818 conjugialis
1885 1763 1937 1805 sit
1956 1764 2143 1804 medium
2169 1764 2229 1820 (n.

578 1827 789 1886 717—721).
1680 1828 1682 1830 ’

493 1926 620 1981 Quod
639 1940 691 1966 ex
710 1904 842 1967 forma
860 1926 905 1966 in
924 1939 1006 1979 qua
1024 1926 1151 1966 homo
1176 1931 1249 1974 est,
1270 1938 1356 1966 non
1373 1925 1500 1979 possit
1523 1939 1647 1979 quam
1666 1925 1800 1965 simile
1823 1924 2044 1980 procedere
2071 1923 2131 1981 (n.
2150 1934 2229 1976 722

575 1996 649 2040 [De
663 1998 749 2030 Am.
768 1997 884 2037 Conj„
900 2007 935 2030 n.
955 1994 1045 2046 85]).

493 2087 618 2141 Quod
639 2087 768 2127 cuivis
787 2086 947 2127 homini
967 2086 1020 2127 sit
1038 2086 1228 2127 voluntas
1251 2086 1411 2127 interna
1433 2092 1474 2127 et
1496 2085 1731 2127 intellectus
1750 2087 1932 2127 internus
1958 2085 2019 2143 (n.
2038 2086 2229 2138 780—784

577 2156 650 2199 [De
667 2157 754 2190 Am.
772 2157 888 2197 Conj.,
905 2167 940 2190 n.
960 2150 1070 2206 185]).

493 2246 560 2286 De
575 2245 749 2300 ,interno
778 2252 819 2286 et
847 2253 1017 2286 externo
1046 2246 1215 2286 homine
1244 2245 1363 2299 plura
1395 2244 1512 2302 (vide
1534 2245 1725 2301 Affectio)
1755 2244 1817 2303 (n.
1840 2245 2033 2297 766-844
2052 2252 2125 2295 [De
2138 2254 2224 2286 Am.

579 2317 696 2358 conj„
712 2327 747 2350 n.
767 2318 840 2358 148,
859 2318 932 2357 185,
948 2317 1022 2358 269,
1039 2310 1150 2365 427]).

491 2407 616 2460 Quod
635 2407 762 2447 homo
782 2420 867 2446 non
886 2413 1076 2447 nascatur
1089 2407 1133 2447 in
1153 2406 1281 2447 ullam
1300 2407 1528 2456 scientiam,
1546 2407 1620 2447 sed
1641 2407 1767 2446 modo
1786 2408 1830 2446 in
1849 2407 2085 2447 facultatem
2106 2412 2146 2447 et
2165 2407 2224 2446 in-

573 2471 836 2512 clinationem
855 2471 1117 2526 (lmmorab.,
1133 2485 1175 2512 n.
1188 2483 1280 2524 1193
1302 2477 1375 2520 [Dc
1389 2479 1474 2511 Am.
1497 2478 1612 2519 conj„
1629 2488 1664 2510 n.
1685 2469 1884 2526 132-136])·

491 2569 559 2608 De
578 2581 716 2609 amore
739 2581 860 2608 sexus
884 2569 997 2621 apud
1019 2568 1209 2608 homines
1232 2574 1272 2608 et
1300 2568 1411 2621 apud
1435 2568 1585 2608 bestias
1611 2567 1724 2625 (vide
1744 2567 1910 2625 Bestia)
1936 2567 1996 2625 (n.
2012 2578 2224 2621 1194—-1251

572 2638 647 2682 [De
659 2639 747 2672 Am.
764 2639 881 2680 Conj.,
896 2650 932 2672 n.
949 2640 1074 2682 94-96,
1092 2631 1202 2688 133]).

490 2729 558 2769 De
586 2734 691 2768 statu
713 2728 930 2768 hominum
954 2735 995 2769 et
1017 2729 1070 2769 de
1098 2729 1392 2769 mutationibus
1416 2734 1542 2770 status
1571 2730 1737 2770 illorum
1756 2730 1879 2771 variis
1909 2737 1948 2771 et
1971 2731 2223 2779 successivis,

569 2791 796 2846 respective
816 2793 871 2832 ad
889 2793 1038 2834 bestias
1062 2792 1174 2850 (vide
1190 2793 1356 2850 Bestia)
1383 2794 1443 2848 (n.
1456 2803 1668 2846 1194—1217
1693 2800 1764 2844 [De
1777 2803 1862 2834 Am.
1883 2802 1997 2842 conj„
2011 2812 2047 2835 n.
2061 2795 2222 2850 94-96]).

71 2920 94 2929 -.
489 2889 711 2942 Quomodo
748 2890 875 2930 homo
909 2890 1072 2930 ducitur
1107 2904 1134 2930 a
1171 2891 1356 2931 Domino
1398 2891 1443 2931 in
1480 2891 1609 2931 libero
1651 2890 1712 2947 (n.
1734 2900 1832 2942 1227
1856 2897 1928 2940 [De
1946 2899 2032 2932 Am.
2056 2898 2220 2939 Conj.‚n.

570 2952 682 3009 ⁴⁴⁴1>-

69 3036 78 3043 ”
103 3032 107 3040 ”
489 3049 556 3089 De
578 3048 814 3160 homi1)1ibus
835 3050 1015 3091 inventis
1038 3051 1082 3090 in
1104 3051 1217 3091 silvis
1240 3050 1505 3107 (Memorab.,
1525 3065 1566 3092 n.
1587 3059 1679 3103 1251
1709 3056 1781 3100 [De
1795 3059 1879 3090 Am.
1899 3058 2013 3108 conj„
2029 3068 2064 3090 n.
2085 3061 2223 3097 mm-

574 3111 700 3154 154[*]]
721 3136 730 3146 .

489 3202 557 3242 De
576 3207 701 3243 status
719 3203 1012 3244 mutationibus
1034 3203 1144 3257 apud
1165 3203 1298 3243 virum
1318 3209 1358 3244 et
1378 3202 1572 3244 feminam
1595 3202 1707 3260 (vide
1723 3202 1889 3258 Status)
1915 3203 1974 3258 (n.
1991 3203 2218 3256 1252—1285

571 3271 645 3315 [De
657 3273 744 3306 Am.
765 3273 880 3314 Cous„
897 3284 932 3307 n.
952 3266 1153 3323 184-206J).
1978 3260 1982 3264 ¹

58 3379 86 3437 ξς
488 3371 555 3410 De
573 3370 657 3411 vita
674 3371 854 3412 hominis
871 3378 964 3424 post
977 3378 1164 3422 mortem,
1185 3372 1514 3412 ratiocinationes
1533 3386 1558 3412 a
1578 3372 1803 3421 sacerdote,
1824 3371 2007 3425 politico,
2027 3377 2067 3412 et
2085 3371 2218 3425 philo-

568 3436 712 3488 sopho,
733 3448 826 3475 cum
845 3437 1014 3476 vetustis
1034 3437 1174 3490 sophis
1195 3436 1458 3493 (Alemorab.,
1478 3450 1519 3477 n.
1537 3436 1638 3477 1286
1658 3442 1731 3485 [De
1749 3444 1835 3476 Am.
1857 3443 1972 3483 conj„
1992 3452 2027 3476 n.
2048 3435 2157 3491 182]).

354 3551 627 3608 [Hortus.—(
633 3554 788 3594 INDEX
799 3568 858 3595 AL
866 3567 949 3595 TER
969 3553 1196 3609 videatur.)
1204 3555 1222 3608 ]
