2496 4250
501 417 582 458 ET
622 418 774 471 EJUS
800 417 1129 458 DOCTRINA
1168 417 1621 458 CAELEST1.—N.
1652 409 1768 473 276.
1973 417 2068 472 157

205 561 319 624 tia3
361 560 571 611 bonum
605 568 692 611 est
725 560 874 626 quod
907 577 938 610 a
973 560 1221 611 Domino
1254 560 1598 627 providetur,
1634 559 1842 610 malum
1877 567 2067 610 autem

202 647 289 691 est
318 640 467 706 quod
496 657 528 690 a
557 639 804 690 Domino
833 640 1223 705 praevidetur:
1268 657 1376 689 una
1399 656 1525 689 cum
1548 638 1729 689 altera
1757 639 1860 688 erit
1884 656 1895 699 ;
1937 654 2067 687 nam

203 718 354 785 quod
393 718 466 769 ab
497 719 725 769 homine
759 719 915 768 venit
949 735 1062 767 non
1096 726 1183 768 est
1216 719 1319 768 nisi
1352 734 1520 784 quam
1554 717 1782 778 malum,
1818 725 1876 768 at
1918 716 2068 783 quod

202 812 236 847 a
270 796 516 848 Domino
549 813 662 847 non
698 804 785 847 est
820 797 924 846 nisi
957 814 1124 863 quam
1158 797 1385 847 bonum.

35 766 55 779 -Ι

869 991 932 1032 (Ex
955 999 1115 1024 ememus
1138 990 1404 1026 canusa-mus.)

288 1082 537 1143 Quoniam
552 1097 701 1128 omne
718 1084 919 1134 bonum,
937 1082 1070 1139 quod
1091 1082 1379 1139 providetur
1394 1081 1583 1125 homini
1602 1095 1630 1124 a
1650 1081 1879 1130 Domino,
1896 1080 2068 1129 influit,

200 1150 314 1196 ideo
344 1165 544 1208 quoque
577 1151 626 1194 in
659 1150 980 1207 sequentibus
1012 1150 1264 1193 afferenda
1295 1157 1412 1193 sunt
1448 1163 1508 1192 ex
1540 1150 1756 1191 Arcanis
1789 1149 2071 1192 Caelestibus

200 1231 327 1276 quae
359 1218 424 1262 ibi
458 1219 520 1262 de
553 1217 775 1261 Influxu:
817 1226 867 1261 et
908 1217 1024 1275 quia
1058 1217 1303 1260 Dominus
1338 1216 1506 1260 omnia
1538 1216 1766 1272 providet
1797 1215 2068 1258 secundum

202 1285 437 1330 Divinum
460 1286 700 1336 ordinem,
719 1286 832 1329 ideo
854 1285 1004 1329 etiam
1027 1284 1279 1328 afferenda
1301 1292 1416 1328 sunt
1438 1297 1565 1341 quae
1589 1283 1654 1326 ibi
1679 1283 1739 1326 de
1768 1282 1971 1326 Ordine.

199 1440 347 1501 ²7⁶⁰.
395 1441 470 1484 De
493 1440 831 1483 Providentia.

289 1539 436 1598 Quod
460 1540 783 1597 'providentia
815 1541 879 1584 sit
912 1540 1131 1598 regimen
1167 1539 1370 1582 Domini
1405 1539 1453 1582 in
1487 1539 1634 1583 caelis
1667 1546 1716 1582 et
1750 1538 1798 1581 in
1830 1538 1973 1582 terris
2002 1538 2069 1593 (n.

205 1600 380 1655 10773)-
751 1633 753 1636 -

218 1665 222 1668 ’
290 1657 437 1716 Quod
469 1657 711 1702 Dominus
735 1668 803 1701 ex
831 1658 1144 1715 providentia
1171 1665 1308 1714 regat
1335 1657 1503 1700 omnia
1529 1657 1801 1700 secundum
1829 1655 2068 1704 ordinem,

200 1723 251 1761 et
267 1717 337 1760 sic
354 1717 488 1773 quod
507 1717 724 1774 regimen
743 1718 1016 1761 seeundum
1031 1717 1255 1760 ordinem
1275 1717 1339 1759 sit
1357 1716 1670 1772 providentia
1689 1717 1754 1770 (n.
1776 1725 1897 1770 1755,
1919 1716 2068 1768 2447).

292 1774 354 1818 Et
379 1776 513 1832 quod
547 1784 683 1833 regat
710 1777 879 1819 omnia
902 1777 980 1819 vel
1008 1789 1067 1819 ex
1093 1775 1365 1824 voluntate,
1393 1776 1470 1818 vel
1504 1789 1563 1818 ex
1590 1775 1745 1823 venia,
1771 1775 1847 1816 vel
1876 1787 1935 1816 ex
1962 1787 2070 1829 per-

201 1833 448 1884 missione,
473 1834 542 1878 ita
573 1835 622 1877 in
654 1835 790 1878 vario
818 1834 1040 1891 respeCiu
1074 1834 1347 1877 secundum
1381 1834 1524 1890 quale
1556 1834 1689 1890 apud
1725 1833 1976 1876 hominem
2002 1833 2068 1887 (n.

204 1903 329 1948 1755,
354 1903 481 1947 2447,
506 1904 633 1960 3704·
658 1895 809 1948 9940)-

289 1951 436 2068 guod
465 1953 778 2008 provldentia
801 1951 1112 1995 invisibiliter
1133 1959 1247 2008 agat
1273 1952 1337 2005 (n.
1369 1961 1389 2006 5
1399 1951 1522 2007 580[?
1550 1961 1569 2006 5
1579 1951 1715 2006 508]).

340 2011 440 2054 uod
464 2011 696 2067 pleraque
713 2025 839 2068 quae
862 2025 922 2054 ex
944 2010 1256 2067 providentia
1278 2010 1416 2060 fiunt,
1436 2018 1704 2067 appareant
1726 2008 1916 2052 homini
1940 2007 2068 2052 sicut

200 2069 543 2126 contingentia
567 2071 631 2125 (n.
659 2070 805 2125 5508).

289 2127 436 2185 Quod
473 2128 784 2184 providentia
811 2128 1122 2173 invisibiliter
1145 2135 1272 2184 agat,
1301 2135 1376 2171 est
1408 2140 1556 2170 causa
1587 2140 1648 2170 ne
1681 2135 1887 2183 cogatur
1913 2125 2066 2168 homo

201 2200 261 2230 ex
296 2186 572 2230 visibilibus
608 2188 820 2237 credere,
855 2195 905 2230 et
942 2187 1012 2230 sic
1051 2201 1111 2230 ne
1149 2187 1354 2230 liberum
1388 2187 1495 2242 ejus
1532 2186 1778 2235 laedatur;
1821 2199 1933 2227 narn
1972 2184 2066 2227 nisi

201 2245 390 2288 homini
425 2245 630 2289 liberum
663 2247 740 2296 sit,
769 2260 870 2289 non
903 2254 1067 2302 potest
1100 2245 1367 2294 reformari,
1396 2245 1463 2287 ita
1496 2258 1595 2287 non
1629 2244 1803 2287 salvari
1840 2245 1904 2299 (n.
1943 2253 2066 2298 1937,

205 2314 329 2359 1947,
355 2303 481 2357 2876,
502 2305 627 2354 2881,
654 2305 780 2360 3854,
809 2306 932 2360 5508,
965 2305 1089 2360 5982,
1113 2304 1242 2358 6477,
1268 2304 1394 2358 8209,
1415 2303 1571 2359 8907[?
1595 2303 1743 2358 8987],
1762 2302 1889 2358 9588,
1914 2314 2066 2356 10409,

205 2374 259 2406 10
372 2397 381 2406 .

260 2363 438 2479 779731οἀ
483 2421 795 2477 providentia
834 2421 1015 2465 Divina
1058 2435 1157 2464 non
1197 2419 1387 2477 spectet
1421 2420 1733 2476 temporaria,
1768 2425 1892 2476 quae
1931 2418 2066 2462 brevi

198 2487 471 2530 transeunt,
491 2481 576 2524 sed
600 2489 800 2524 aeterna
826 2483 889 2536 (n.
917 2481 1041 2536 5264,
1066 2481 1194 2534 8717,
1218 2480 1380 2533 10776;
1414 2480 1725 2528 illustratum,
1747 2493 1791 2522 n.
1814 2478 1965 2533 6491).

289 2596 386 2656 Qui
410 2597 506 2641 hoc
528 2612 627 2641 non
651 2598 865 2656 capiunt,
890 2598 1023 2654 quod
1047 2598 1253 2641 credant
1275 2597 1578 2653 opulentiam
1601 2605 1651 2639 et
1674 2596 1991 2639 eminentiam
2017 2595 2066 2637 in

202 2657 390 2699 mundo
413 2670 519 2700 esse
537 2657 705 2700 unicas
723 2671 850 2714 quae
869 2657 1205 2713 providentur,
1225 2659 1346 2712 quas
1366 2656 1478 2698 ideo
1494 2664 1676 2698 vocant
1695 2653 2065 2698 benediciiones

201 2728 231 2758 a
257 2714 468 2766 Divino;
500 2729 612 2758 cum
636 2725 801 2759 tamen
828 2716 937 2759 illae
961 2729 1059 2759 non
1083 2713 1369 2771 specstantur
1390 2728 1419 2757 a
1447 2715 1663 2757 Domino
1686 2722 1741 2756 ut
1764 2711 2066 2756 benedifflio-

201 2787 301 2823 nes,
320 2774 407 2817 sed
429 2774 590 2818 solum
613 2784 668 2817 ut
691 2775 854 2817 media
875 2775 937 2817 ad
959 2774 1112 2816 vitam
1137 2773 1351 2816 hominis
1377 2773 1424 2816 in
1449 2774 1649 2822 mundo,
1668 2773 1752 2815 sed
1778 2773 1909 2828 quod
1929 2784 2067 2826 spec-

200 2839 370 2876 tentur
391 2847 420 2876 a
453 2832 671 2876 Domino
698 2847 824 2890 quae
850 2833 911 2876 ad
947 2833 1231 2876 felicitatem
1260 2840 1509 2875 aeternam
1539 2831 1753 2874 hominis
1779 2830 2066 2874 conducunt

203 2892 270 2946 (n.
299 2903 451 2947 10409,
481 2892 658 2946 10776).

292 2949 440 3008 Quod
459 2951 542 3007 qui
567 2951 615 2993 in
637 2950 817 2994 Divina
833 2950 1034 2993 Domini
1054 2949 1365 3006 providentia
1380 2957 1507 2997 sunt,
1525 2949 1573 2990 in
1589 2948 1817 2991 omnibus
1832 2956 1881 2990 et
1898 2947 2065 3002 singu-

200 3007 259 3052 lis
282 3008 502 3052 ferantur
522 3010 584 3052 ad
608 3009 768 3052 felicia
791 3009 840 3051 in
863 3018 1117 3052 aeternum
1145 3011 1210 3064 (n.
1234 3008 1360 3060 8478,
1386 3007 1534 3060 8480).
1971 3046 1974 3049 Α

291 3066 438 3125 Quod
455 3068 550 3111 hoc
565 3082 664 3111 non
680 3067 901 3124 cogitent
917 3082 1006 3110 nec
1021 3067 1217 3123 capiant
1234 3067 1314 3114 illi,
1331 3066 1412 3122 qui
1429 3066 1595 3109 omnia
1609 3065 1831 3107 tribuunt
1848 3063 2066 3107 Naturae

200 3133 252 3170 et
274 3127 500 3183 propriae
523 3127 826 3183 prudentiae,
850 3134 899 3169 et
923 3140 1021 3169 non
1045 3126 1230 3182 aliquid
1256 3125 1439 3167 Divino
1464 3126 1529 3179 (n.
1552 3124 1680 3177 6484,
1710 3136 1860 3178 10409,
1890 3134 1996 3175 1077
2006 3124 2064 3177 5).

291 3241 438 3300 Quod
468 3242 649 3285 Divina
676 3242 988 3298 providentia
1016 3241 1217 3285 Domini
1246 3254 1344 3283 non
1373 3240 1437 3283 sit
1463 3240 1590 3283 sicut
1619 3240 1666 3282 in
1695 3239 1882 3281 mundo
1909 3239 2065 3282 credi-

200 3307 295 3351 tur,
317 3301 477 3344 solum
504 3301 805 3350 universalis,
830 3309 879 3344 et
911 3302 1044 3356 quod
1074 3299 1384 3356 particularia
1417 3312 1501 3342 seu
1535 3299 1800 3355 singularia
1826 3297 1925 3340 sint
1952 3312 2065 3353 pru-

203 3359 400 3403 dentiae
422 3359 552 3416 apud
577 3359 828 3402 hominem
856 3362 920 3413 (n.
946 3360 1072 3412 8717,
1102 3360 1276 3412 10775).

292 3416 437 3475 Quod
482 3431 582 3460 non
625 3419 770 3460 detur
811 3418 1086 3460 universale
1121 3417 1214 3459 nisi
1257 3430 1316 3459 ex
1360 3415 1687 3471 singularibus
1722 3422 1770 3457 et
1807 3427 1918 3457 cum
1957 3414 2063 3463 illis,

204 3475 439 3533 quoniam
462 3476 726 3533 singularia
743 3477 886 3519 simul
911 3485 1107 3532 sumpta
1129 3475 1360 3517 dicuntur
1375 3474 1660 3521 universale,
1687 3481 1832 3528 prout
1855 3472 2065 3528 particu-

203 3534 324 3578 laria
345 3534 490 3578 simul
513 3542 710 3590 sumpta
725 3535 956 3578 dicuntur
969 3548 1230 3578 commune
1257 3535 1321 3588 (n.
1343 3545 1464 3587 1919,
1479 3532 1528 3574 61
1543 3542 1606 3586 59,
1621 3531 1749 3585 6338,
1768 3530 2064 3584 6482-6484).

293 3592 438 3650 Quod
463 3593 561 3636 tale
583 3593 647 3636 sit
668 3593 955 3642 universale,
979 3593 1142 3648 qualia
1164 3601 1280 3635 sunt
1301 3590 1566 3646 singularia
1591 3603 1650 3632 ex
1677 3590 1854 3646 quibus
1886 3597 1936 3632 et
1967 3602 2066 3631 una

206 3664 318 3695 cum
342 3651 520 3707 quibus
548 3652 611 3705 (n.
635 3651 761 3706 918[?
785 3653 902 3706 917J,
933 3664 1054 3704 1040,
1078 3651 1206 3704 6483,
1232 3649 1388 3704 8858[?
1412 3649 1581 3703 8857]).

294 3707 441 3768 Quod
471 3709 671 3753 Domini
700 3710 1010 3766 providentia
1035 3710 1099 3753 sit
1125 3708 1412 3752 universalis
1439 3708 1554 3764 quia
1586 3707 1634 3750 in
1667 3704 2066 3763 singularissimis
