2496 4250
420 412 484 476 56
874 423 1167 464 CANONEs
1207 423 1422 464 NOVAE
1460 424 1819 466 ECCLESIAE.

417 564 587 615 Deos,
678 563 893 616 Annon
933 566 1011 616 sic
1052 565 1250 631 religio
1288 565 1368 616 illi
1407 565 1558 616 aliud
1598 574 1685 617 est
1725 583 1893 633 quam
1933 569 2179 620 veritas?
2218 578 2277 623 et

414 643 563 709 quod
605 651 719 694 tres
758 661 1033 709 personae
1073 661 1146 693 ex
1175 644 1418 694 veritate
1458 645 1571 695 sint
1604 651 1719 695 tres
1752 645 1844 706 dii,
1880 646 1979 697 sed
2012 648 2161 714 quod
2201 666 2274 700 ex

413 721 685 787 religione
718 723 830 772 sint
865 739 1004 771 unus
1039 721 1229 771 Deus?

523 843 566 897 5.
622 830 789 897 Quod
823 832 1045 882 trinitas
1083 849 1447 898 personarum
1487 833 1541 883 in
1583 833 1898 885 Divinitate
1938 844 2072 887 ante
2113 852 2275 887 mun-

765 910 898 959 dum
927 918 1197 971 creatum,
1230 928 1343 961 non
1375 913 1594 962 veniret
1634 913 1689 962 in
1730 912 1961 978 alicujus
2002 922 2274 976 mentem,

764 1005 796 1038 a
830 997 1086 1055 tempore
1121 989 1331 1039 Adami
1366 1006 1539 1056 usque
1571 990 1642 1039 ad
1682 990 1991 1041 adventum
2027 992 2273 1053 Domini,

764 1075 825 1117 ut
854 1075 1016 1133 patet
1044 1085 1076 1117 a
1105 1067 1298 1118 Verbo
1323 1068 1549 1118 Veteris
1578 1068 1954 1131 Testamenti,
1979 1078 2037 1121 et
2065 1071 2136 1121 ab
2162 1071 2275 1122 his-

765 1147 921 1196 toriis
954 1146 1022 1197 de
1055 1146 1327 1212 religione
1361 1148 1736 1213 antiquorum.

619 1221 787 1290 Quod
817 1241 919 1275 nec
949 1226 1166 1276 venerit
1194 1227 1248 1275 in
1278 1233 1531 1276 mentem
1560 1225 1993 1292 Apostolorum,
2025 1235 2085 1279 ut
2114 1235 2274 1294 patet

763 1320 794 1354 e
827 1304 1050 1370 scriptis
1083 1303 1305 1354 illorum
1343 1305 1397 1353 in
1432 1304 1641 1355 Verb0.

621 1379 788 1447 Quod
831 1399 934 1432 nec
974 1384 1193 1433 venerit
1238 1384 1293 1432 in
1341 1392 1592 1433 mentem
1640 1383 1868 1450 alicujus
1914 1385 1970 1434 in
2017 1383 2276 1436 Ecclesia

763 1459 1121 1527 Apostolica,
1146 1479 1288 1527 quae
1310 1461 1410 1512 fuit
1439 1470 1572 1512 ante
1597 1461 1911 1513 Concilium
1942 1462 2272 1523 Nicaenum,

763 1547 824 1590 ut
857 1547 1019 1605 patet
1053 1557 1084 1590 a
1113 1539 1364 1606 Symbolo
1390 1540 1724 1605 Apostolz'cO,
1756 1538 1857 1591 [¹]in
1891 1559 2003 1608 quo
2031 1558 2144 1592 non
2172 1541 2274 1592 ali-

762 1619 883 1684 quis
914 1618 1086 1668 Filius
1119 1619 1190 1668 ab
1217 1625 1469 1679 aetern0‚
1501 1619 1600 1669 sed
1631 1619 1804 1669 Filius
1833 1628 1999 1670 natus
2032 1637 2064 1670 a
2097 1619 2277 1670 Maria

763 1695 1000 1762 Virgine
1035 1697 1373 1747 nominatur.

619 1774 787 1842 Quod
828 1776 1050 1826 trinitas
1083 1791 1448 1841 personarum
1482 1775 1553 1825 ab
1585 1782 1821 1826 aeterno
1851 1793 1965 1827 non
1999 1777 2170 1828 modo
2203 1778 2274 1829 sit

764 1871 930 1920 supra
960 1854 1258 1914 rationem,
1295 1854 1394 1904 sed
1428 1862 1627 1904 contra
1658 1854 1828 1905 illam.

411 1980 519 2032 Est
549 1988 749 2032 contra
777 1982 1056 2032 rationem
1085 1981 1234 2048 quod
1268 1989 1384 2032 tres
1414 1982 1693 2033 Personae
1716 1983 2030 2034 creaverint
2053 1985 2273 2035 univer·

411 2076 571 2122 sum;
619 2060 768 2127 quod
809 2068 925 2111 tres
965 2060 1244 2110 Personae
1278 2060 1498 2122 fuerint,
1535 2068 1592 2111 et
1634 2063 1976 2128 unaquaevis
2009 2062 2179 2123 DeuS,
2215 2070 2274 2114 et

412 2155 524 2190 non
565 2147 680 2190 tres
722 2140 813 2190 Dii
853 2139 951 2190 sed
992 2156 1150 2200 unuS,
1186 2147 1243 2190 et
1285 2147 1418 2190 tunc
1453 2147 1569 2190 tres
1603 2140 1882 2191 Personae
1915 2148 1973 2192 et
2013 2157 2126 2192 non
2166 2159 2275 2192 una

412 2218 673 2269 Persona.

526 2297 750 2348 Numne
779 2296 1039 2348 Ecclesia
1066 2296 1250 2347 futura
1278 2296 1443 2347 Nova
1471 2305 1862 2364 nuncupatura
1889 2298 1960 2349 sit
1989 2297 2273 2349 saeculum

410 2375 705 2427 Ecclesiae
739 2376 967 2427 Veteris
1001 2377 1298 2426 obscurum
1339 2383 1434 2426 aut
1474 2376 1790 2437 barbarum,
1826 2377 2052 2443 quando
2084 2377 2273 2428 colue-

410 2463 541 2506 runt
581 2462 697 2505 tres
738 2455 928 2505 Deos?
1005 2454 1272 2505 Similiter
1311 2462 1442 2505 sunt
1482 2454 1829 2505 irrationalia
1869 2454 1966 2505 illa
2010 2473 2152 2522 quae
2199 2473 2272 2506 ex

411 2534 668 2584 trinitate
700 2533 796 2583 illa
829 2534 1180 2584 devenerint.

514 2644 562 2695 6.
622 2643 789 2711 Quod
823 2646 1044 2696 trinitas
1079 2646 1448 2696 Personarum
1481 2645 1535 2695 in
1577 2645 1889 2697 Divinitate
1929 2646 2001 2696 ab
2039 2654 2273 2698 aeterno

763 2725 1002 2790 primum
1030 2725 1241 2774 tradita
1269 2725 1341 2774 sit
1370 2741 1402 2774 a
1435 2723 1689 2774 Concilio
1720 2724 1990 2785 NicaenO,
2021 2733 2080 2775 ut
2110 2733 2271 2791 patet

762 2819 794 2852 a
821 2802 1038 2852 duobus
1068 2801 1352 2867 Symbolis
1377 2802 1630 2852 Nicaeno
1658 2810 1715 2853 et
1739 2801 2138 2853 Athanasiano
2161 2821 2173 2866 ;
2214 2811 2271 2854 et

762 2880 911 2947 quod
944 2888 1144 2946 postea
1184 2888 1244 2930 ut
1284 2880 1592 2946 principale
1633 2881 1859 2947 dogma,
1895 2898 1958 2932 ac
2001 2889 2060 2932 ut
2101 2890 2272 2948 caput

762 2956 1158 3018 doctrinarum,
1207 2958 1278 3008 ab
1324 2957 1576 3008 ecclesiis
1623 2967 1753 3024 post
1799 2959 1936 3009 illud
1982 2977 2155 3027 usque
2201 2959 2273 3010 ad

691 3048 696 3052 “
761 3036 1093 3087 hodiernum
1128 3037 1275 3086 diem
1309 3044 1538 3102 recepta
1571 3038 1661 3086 sit.

617 3115 784 3182 Quod
818 3113 1086 3166 [²³trinitas
1126 3115 1222 3166 illa
1261 3116 1471 3166 tradita
1511 3116 1582 3166 sit
1631 3134 1662 3166 a
1703 3115 1956 3168 Concilio
1997 3117 2269 3176 NicaenO,

760 3195 981 3245 fuerunt
1022 3194 1186 3244 binae
1227 3210 1461 3256 causae;
1516 3195 1710 3260 prima,
1753 3195 1903 3261 quod
1952 3211 2065 3245 non
2107 3195 2273 3247 aliter

760 3273 1084 3338 dispergere
1124 3273 1390 3323 sciverint
1429 3272 1699 3322 scandala
1739 3272 1879 3333 Arii,
1921 3274 2013 3339 qui
2053 3273 2268 3324 Divini-

760 3358 941 3401 tatem
977 3351 1203 3400 Domini
1237 3349 1520 3415 negabat;
1569 3350 1763 3411 altera,
1794 3352 1922 3417 quia
1954 3367 2067 3401 non
2099 3350 2269 3402 intel-

759 3429 1006 3479 lexerint
1053 3429 1149 3479 illa
1194 3446 1334 3495 quae
1380 3430 1589 3495 scripta
1635 3437 1765 3480 sunt
1812 3447 1910 3495 per
1954 3429 2269 3490 Johannem

758 3506 812 3557 E
815 3524 925 3558 van
922 3507 1065 3572 gelz's
1071 3515 1128 3557 ta
1134 3525 1186 3557 m

931 3617 1042 3668 (cap.
1065 3618 1089 3658 i.
1115 3629 1148 3666 1,
1173 3628 1208 3666 2,
1235 3629 1295 3665 10,
1319 3628 1392 3667 14;
1423 3630 1515 3669 cap.
1538 3618 1625 3659 xvi.
1648 3619 1699 3658 28
1719 3631 1728 3668 ;
1759 3631 1852 3670 cap.
1874 3619 1975 3659 xvii.
1999 3618 2052 3670 5).

409 3721 645 3769 (Quomodo
663 3721 730 3758 illa
746 3720 1002 3769 intelligenda
1019 3726 1123 3766 sunt,
1141 3721 1322 3758 videatur
1338 3720 1489 3769 supra.)
