2496 4250
928 447 1129 488 INDEX
1170 449 1391 490 RERUM
1429 448 1636 490 PRIOR.
2069 438 2206 489 xlvii

487 585 611 639 Quod
639 599 754 627 amor
772 591 986 641 parentum
1015 600 1112 640 erga
1139 587 1289 628 liberos
1317 593 1555 640 permaneat
1581 593 1671 641 post
1699 593 1870 628 mortem
1893 582 1929 628 si
1952 588 2069 629 detur
2095 589 2203 642 apud

570 651 764 704 conjuges
783 650 854 704 qui
867 662 914 690 se
935 657 1077 690 mutuo
1097 658 1347 700 amaverunt,
1367 656 1408 692 et
1425 651 1542 692 aliter
1555 651 1665 704 apud
1684 651 1775 691 illos
1795 652 1865 705 qui
1884 664 1927 692 se
1942 665 2026 692 non
2045 665 2205 692 amave·

567 720 660 754 runt
682 714 742 771 (n.
758 722 968 766 1714-1717
991 719 1063 763 [De
1075 722 1160 753 Am.
1182 721 1296 762 Conj.‚
1311 731 1346 754 n.
1364 713 1474 771 ⁴¹0])·

349 833 792 886 Substantia.—Quod
823 833 1049 874 substantia
1080 833 1131 874 sit
1167 833 1311 883 forma,
1347 839 1385 874 et
1419 834 1531 887 quod
1563 839 1643 875 tres
1672 833 1833 874 illarum
1861 833 2011 886 gradus
2034 834 2112 874 sint
2144 833 2204 890 (n.

566 897 741 950 154-158
762 902 834 945 [De
845 903 931 936 Am.
949 903 1064 945 conj„
1079 913 1114 936 n.
1131 895 1223 952 66J).

481 991 605 1045 Quod
627 992 781 1032 bonum
801 998 840 1032 et
858 1004 1000 1032 verum
1020 1005 1104 1031 non
1125 991 1272 1032 dentur
1290 991 1493 1032 abstradta
1514 1005 1539 1031 a
1557 992 1800 1042 substantiis,
1823 999 1862 1033 et
1885 993 1997 1046 quod
2020 993 2203 1033 substan-

562 1055 642 1096 tiae
665 1068 749 1096 non
772 1055 918 1095 dentur
935 1053 1162 1095 abstraaestae
1186 1068 1212 1094 a
1233 1054 1385 1104 formis,
1407 1061 1446 1095 et
1469 1055 1580 1108 quod
1603 1056 1660 1095 sic
1683 1056 1904 1096 substantia
1929 1057 1980 1097 sit
2001 1055 2146 1105 forma,
2166 1063 2206 1097 et

562 1118 673 1172 quod
691 1117 822 1159 forma
840 1119 890 1158 sit
908 1118 1132 1159 substantia
1156 1117 1214 1174 (n.
1232 1129 1414 1171 341—343
1439 1125 1511 1168 [De
1524 1114 1608 1158 hm.
1627 1126 1741 1166 Conj„
1757 1137 1791 1159 n.
1809 1118 1900 1175 06]).

479 1215 547 1255 De
565 1213 811 1264 substantiis,
831 1213 970 1267 aliqua
995 1213 1055 1271 (n.
1072 1225 1169 1266 333,
1187 1213 1302 1270 seq.).

40 1360 42 1362 v
75 1285 94 1342 l
480 1313 604 1366 Quod
625 1313 720 1354 ideo
742 1312 1054 1366 propagationes
1076 1313 1157 1353 sint
1185 1312 1467 1353 substantiales
1491 1318 1530 1353 et
1557 1313 1786 1353 materiales
1818 1314 1934 1368 (vide
1953 1313 2116 1368 Proles)
2142 1313 2201 1370 (n.

562 1375 678 1433 344)-

56 1445 79 1451 --
478 1473 603 1526 Quod
631 1486 757 1522 amor,
781 1472 994 1526 sapientia,
1023 1479 1062 1514 et
1085 1486 1181 1514 usus
1210 1473 1291 1514 sint
1313 1473 1358 1513 in
1381 1472 1620 1521 substantia,
1644 1478 1684 1514 et
1707 1473 1819 1526 quod
1848 1473 2095 1514 substantiae
2124 1475 2204 1515 sint

559 1537 712 1577 formae
735 1536 795 1593 (n.
811 1536 1017 1589 695-697,
1039 1535 1155 1593 698).

478 1633 602 1686 Quod
630 1633 852 1674 substantia
883 1645 956 1686 per
983 1632 1158 1673 formam
1190 1633 1259 1674 fiat
1287 1631 1516 1686 subjeetum
1545 1635 1602 1686 (n.
1629 1632 1819 1685 700—708
1843 1639 1916 1682 [De
1929 1641 2013 1673 Am.
2035 1641 2148 1681 conj„
2164 1651 2198 1674 n.

558 1695 669 1751 361])-

476 1793 600 1845 Quod
619 1792 841 1847 spiritualia
859 1793 938 1834 sint
958 1792 1238 1834 substantialia
1259 1793 1522 1850 (Memorab.,
1537 1806 1578 1833 n.
1596 1804 1696 1844 1909
1713 1799 1784 1842 [De
1797 1800 1881 1832 Am.
1905 1800 2020 1841 conj„
2035 1811 2069 1834 n.
2087 1794 2198 1849 207]).

343 2061 691 2115 Tavum—Quod
713 2063 884 2103 deliciae
908 2063 1058 2103 amoris
1083 2063 1324 2116 conjugialis
1346 2062 1428 2104 sint
1450 2075 1591 2104 sensus
1613 2062 1747 2104 taetus
1772 2062 1831 2119 (n.
1848 2062 2006 2116 116—119
2025 2069 2098 2114 [De
2110 2069 2196 2104 Am.

562 2133 677 2174 Conj.,
693 2144 726 2166 n.
745 2144 818 2174 210,
834 2125 944 2182 396]).

338 2389 624 2455 Ultimum.—(
639 2389 736 2431 Vide
754 2389 1032 2446 Extremum.)

339 2507 585 2564 [vnum.—(
599 2509 800 2551 Videatur
816 2510 973 2550 INDEX
988 2522 1046 2551 AL
1053 2508 1196 2565 TER.)]

337 2632 642 2686 [leuse—Quod
669 2635 1036 2687 praestantissimus
1058 2649 1154 2676 usus
1177 2636 1228 2676 sit
1250 2648 1302 2676 ex
1331 2647 1468 2676 amore
1498 2635 1718 2690 conjugiali
1751 2643 1806 2691 (n.
1824 2636 2000 2690 128—130
2022 2643 2094 2686 [De
2107 2645 2192 2678 Am.

553 2703 671 2745 Conj„
687 2715 721 2737 n.
740 2706 793 2745 68,
810 2715 882 2747 143,
899 2706 971 2746 183,
987 2698 1098 2754 305]).

471 2794 539 2833 De
559 2794 680 2834 variis
699 2794 839 2834 usibus
860 2794 920 2852 (n.
937 2795 1011 2836 128
1031 2802 1104 2844 [De
1116 2803 1201 2836 Am.
1221 2803 1335 2843 conj,
1351 2813 1385 2835 n.
1405 2796 1493 2852 18]).

470 2890 595 2941 Quod
618 2903 733 2930 amor
751 2891 993 2944 conjugialis
1016 2891 1060 2931 in
1083 2905 1156 2932 sua
1178 2892 1309 2945 prima
1331 2892 1487 2944 origine
1508 2893 1558 2933 sit
1577 2906 1692 2932 amor
1710 2893 2012 2946 propagationis
2033 2893 2131 2932 boni
2154 2900 2193 2933 et

552 2953 639 2993 veri
658 2955 715 3008 (n.
733 2953 847 3010 502).

473 3049 596 3101 Quod
619 3050 758 3090 anima
779 3051 956 3092 hominis
986 3052 1038 3093 sit
1065 3052 1108 3092 in
1130 3058 1237 3093 statu
1259 3058 1478 3105 perpetuae
1501 3051 1821 3093 fruetificationis
1844 3054 1901 3108 (n.
1917 3052 2101 3105 498—501
2121 3059 2194 3102 [De

551 3120 638 3152 Am.
658 3120 772 3161 Conj.,
787 3131 822 3154 n.
839 3114 951 3170 220]).

469 3208 597 3260 Quod
615 3208 740 3249 homo
760 3210 811 3250 sit
831 3209 963 3250 forma
982 3211 1144 3259 amoris,
1165 3211 1401 3264 sapientiae,
1422 3216 1463 3251 et
1489 3223 1587 3251 usus
1612 3210 1725 3266 (vide
1747 3209 1893 3266 Homo)
1923 3211 1983 3268 (n.
2000 3211 2192 3263 683-690

551 3277 623 3320 [De
635 3279 720 3312 Am.
738 3280 853 3320 Cous..
868 3291 902 3313 n.
922 3281 973 3321 16,
991 3282 1062 3321 183,
1080 3275 1189 3328 361]).

471 3373 596 3425 Quod
614 3373 738 3413 homo
757 3374 808 3414 sit
826 3388 908 3414 una
926 3376 1051 3415 series
1064 3375 1248 3414 omnium
1268 3387 1414 3414 usuum
1434 3374 1478 3414 in
1497 3375 1687 3414 universo
1710 3373 1769 3429 (n.
1782 3373 1997 3428 691-693).

471 3469 595 3521 Quod
614 3470 658 3510 hi
677 3483 772 3511 usus
790 3471 834 3510 in
853 3471 1021 3511 homine
1039 3472 1083 3511 in
1102 3470 1399 3524 perfeetissimo
1418 3471 1562 3511 ordine
1583 3471 1826 3511 cohaereant
1849 3470 1907 3527 (n.
1925 3469 2041 3526 694).

469 3565 593 3616 Quod
608 3566 756 3606 amoris
769 3573 808 3606 et
823 3567 1045 3619 sapientiae
1057 3581 1153 3607 usus
1165 3567 1311 3607 dentur
1323 3567 1366 3606 in
1381 3566 1627 3616 substantiis,
1640 3567 1695 3607 ita
1710 3567 1752 3606 in
1767 3566 1907 3607 formis
1924 3566 1983 3623 (n.
1999 3567 2188 3620 695—697

553 3633 625 3676 [De
638 3636 723 3668 Am.
741 3636 855 3677 Conj.,
870 3648 904 3669 n.
922 3638 975 3676 66,
992 3631 1102 3685 361]).

471 3723 596 3775 Quod
616 3723 719 3764 nihil
739 3725 857 3765 detur
874 3726 986 3779 quod
1006 3740 1089 3766 non
1109 3726 1160 3767 sit
1179 3727 1309 3766 forma
1328 3740 1424 3766 usus
1447 3727 1506 3782 (n.
1525 3727 1603 3779 697
1626 3733 1698 3776 [De
1712 3735 1796 3767 Am.
1819 3735 1934 3775 conj„
1950 3746 1984 3769 n.
2004 3729 2113 3784 183]).
