2496 4250
424 438 492 489 34
879 435 1171 476 CANONES
1210 436 1424 476 NOVAE
1464 436 1821 477 ECCLESIAE.

525 591 573 640 4.
629 575 796 643 Quod
837 595 911 628 ex
953 585 1107 628 statu
1148 577 1289 628 caeli
1329 585 1386 628 et
1427 577 1623 628 inferni
1662 579 1717 628 in
1757 579 1967 630 mundo
2007 580 2280 647 spirituali

771 664 1152 721 cognoscatur
1166 664 1439 722 quantum
1455 656 1608 707 valet
1631 657 1841 708 bonum
1865 675 2028 724 super
2048 658 2277 718 malum,

774 743 871 786 aut
929 734 1138 785 malum
1191 753 1355 801 super
1394 736 1621 796 bonum,
1664 738 1718 786 in
1760 739 1959 800 terris;
2013 739 2280 805 quoniam

772 814 954 863 omnis
978 814 1150 864 homo
1174 822 1302 879 post
1333 822 1573 865 mortem
1598 814 1883 881 colligitur
1905 816 1975 866 ad
1999 833 2146 877 suoS,
2171 817 2278 868 hoc

773 900 878 952 est,
915 893 968 941 in
1009 909 1167 942 suum
1208 891 1418 942 malum
1458 901 1554 944 aut
1595 893 1803 944 bonum
1836 895 2008 952 venit,
2045 911 2108 945 ac
2150 911 2279 945 cae-

773 970 886 1020 lum
911 978 968 1020 et
997 970 1270 1020 infernum
1298 979 1428 1022 sunt
1462 989 1536 1022 ex
1565 971 1813 1022 humano
1841 989 2066 1038 genere.

531 1061 573 1115 5,
617 1047 784 1115 Quod
813 1049 920 1099 hoc
950 1064 1303 1115 nequaquam
1333 1050 1510 1115 possit
1539 1051 1808 1116 cognosci
1837 1052 1892 1100 in
1921 1051 2083 1102 terris
2111 1068 2279 1117 prop-

478 1195 482 1197 ,
773 1135 860 1178 ter
892 1127 1102 1178 multas
1137 1144 1350 1178 causas.

526 1206 574 1257 6.
630 1204 798 1272 Quod
830 1207 978 1257 inter
1005 1205 1223 1256 caelum
1253 1214 1310 1257 et
1343 1207 1615 1257 infernum
1650 1208 1723 1258 sit
1756 1207 2140 1268 interstitium,
2171 1225 2282 1275 quo

774 1284 986 1335 malum
1026 1302 1099 1336 ex
1139 1285 1353 1335 inferno
1393 1285 1727 1336 exhalatum
1769 1287 2045 1347 ascendit,
2081 1294 2139 1337 et
2179 1287 2280 1336 bo-

774 1381 906 1414 num
939 1382 968 1414 e
1003 1364 1161 1414 caelo
1194 1365 1507 1425 descendit,
1544 1373 1602 1415 et
1636 1366 1738 1415 sibi
1771 1366 2026 1416 obviant.

528 1456 574 1510 7.
625 1442 792 1510 Quod
814 1444 869 1493 in
890 1443 1074 1493 medio
1097 1444 1386 1494 interstitii
1410 1445 1481 1494 sit
1501 1443 1886 1510 aequilibrium
1906 1445 2053 1495 inter
2071 1445 2281 1495 bonum

775 1530 833 1573 et
867 1521 1093 1572 malum.

529 1602 575 1652 8.
630 1599 798 1666 Quod
831 1618 905 1651 ex
938 1600 1048 1650 hoc
1090 1599 1417 1666 aequilibrio
1458 1609 1838 1666 cognoscatur
1871 1609 2145 1668 quantum
2179 1602 2282 1653 bo·

775 1695 906 1728 num
956 1678 1111 1728 valet
1163 1686 1363 1728 contra
1407 1678 1634 1740 malum,
1676 1687 1774 1730 aut
1824 1680 2034 1730 malum
2083 1687 2284 1732 contra

774 1758 1001 1807 bonum.

527 1851 575 1903 9.
630 1835 799 1902 Quod
834 1835 1111 1885 Dominus
1145 1836 1198 1885 id
1231 1835 1304 1885 ibi
1339 1836 1616 1902 ponderet
1651 1837 1794 1886 sicut
1828 1837 1882 1886 in
1917 1836 2071 1887 libra.

500 1930 576 1968 10.
631 1915 798 1982 Quod
821 1915 1206 1981 aequilibrium
1236 1915 1372 1965 illud
1394 1933 1587 1966 versus
1615 1915 1834 1966 caelum
1864 1916 2116 1967 elevetur
2139 1917 2282 1967 sicut

776 1993 985 2044 malum
1031 1994 1186 2044 valet
1241 2003 1440 2045 contra
1491 1994 1719 2054 bonum,
1773 2002 1830 2045 et
1888 1995 2038 2061 quod
2089 2012 2283 2046 versus

774 2073 1050 2123 infernum
1085 2073 1432 2139 deprimatur
1465 2074 1607 2123 sicut
1649 2073 1858 2123 bonum
1891 2073 2045 2124 valet
2083 2081 2284 2124 contra

775 2151 1020 2216 malum;
1074 2153 1278 2218 quippe
1311 2152 1521 2202 bonum
1561 2169 1591 2202 e
1632 2151 1792 2202 caelo
1823 2144 2084 2218 deprimit
2125 2152 2281 2212 illud,

775 2238 834 2282 et
868 2230 1078 2280 malum
1112 2248 1184 2281 ex
1218 2231 1433 2281 inferno
1466 2230 1655 2281 elevat
1688 2230 1841 2280 illud.

499 2325 575 2362 ΙΙ.
631 2309 800 2376 Quod
839 2309 1225 2376 aequilibrium
1265 2309 1402 2360 illud
1442 2311 1514 2360 sit
1554 2310 1698 2360 sicut
1732 2308 2043 2360 scabellum
2077 2309 2283 2376 pedum

775 2388 994 2454 angelis
1022 2388 1180 2447 caeli,
1207 2389 1259 2437 in
1290 2388 1440 2454 quod
1474 2387 1695 2438 illorum
1724 2388 1933 2439 bonum
1967 2389 2191 2449 desinit,
2223 2397 2281 2440 et

776 2485 941 2533 super
968 2484 1078 2533 quo
1112 2467 1385 2517 subsistit.

501 2560 577 2597 12.
631 2545 799 2612 Quod
829 2546 1136 2596 secundum
1159 2546 1395 2611 gradum
1418 2562 1528 2612 quo
1550 2545 1935 2612 aequilibrium
1964 2545 2100 2596 illud
2120 2543 2282 2597 ‘¹³ele-

776 2633 955 2684 vatur,
977 2625 1216 2674 felicitas
1245 2624 1575 2690 angelorum
1598 2623 1757 2684 caeli,
1779 2641 1852 2674 ex
1882 2625 2043 2674 bonis
2071 2632 2128 2675 et
2150 2625 2281 2675 inde

774 2704 919 2753 veris
947 2703 1187 2763 illorum,
1219 2704 1576 2753 diminuatur.

502 2797 579 2848 13.
632 2781 800 2848 Quod
825 2798 950 2832 cum
975 2781 1183 2831 malum
1207 2781 1359 2831 valet
1383 2789 1584 2831 contra
1605 2781 1815 2831 bonum
1839 2782 1892 2831 in
1917 2781 2096 2842 terriS‚
2117 2781 2281 2831 simul

775 2869 910 2911 tunc
945 2860 1218 2910 infernum
1251 2860 1441 2910 valeat
1474 2868 1674 2909 contra
1707 2859 1943 2910 caelum.

503 2955 579 3004 14,
633 2937 800 3005 Quod
824 2957 896 2989 ex
920 2939 1006 2988 his
1029 2947 1226 3005 pateat
1246 2939 1394 3005 quod
1418 2937 1539 2988 finis
1563 2938 1838 2989 ecclesiae
1861 2939 2035 2989 instet
2054 2938 2282 3005 quando

776 3019 1035 3085 potentia
1069 3017 1200 3068 mali
1238 3017 1392 3067 valet
1439 3034 1604 3082 super
1649 3019 1967 3083 potentiam
2001 3018 2151 3068 boni.

502 3109 578 3164 15.
633 3097 852 3149 Dicitur
884 3097 1142 3163 potentia
1173 3097 1305 3146 boni
1338 3113 1434 3162 per
1461 3113 1609 3156 vera,
1640 3104 1697 3146 et
1731 3097 1989 3162 potentia
2022 3095 2153 3146 mali
2186 3112 2284 3162 per

777 3175 933 3235 falsa,
975 3175 1239 3242 quoniam
1279 3175 1535 3240 potentia
1580 3174 1731 3225 bono
1771 3182 1858 3226 est
1897 3191 1995 3241 per
2033 3191 2182 3235 vera,
2225 3181 2283 3225 et

777 3255 1035 3322 potentia
1068 3253 1218 3305 malo
1251 3260 1337 3305 est
1371 3270 1468 3320 per
1498 3252 1653 3304 falsa.
