2496 4250
497 428 590 466 112
1035 428 1118 468 DE
1157 427 1330 468 NOVA
1371 428 1826 470 HIEROSOLYMA

578 564 724 623 Quod
749 573 867 610 tunc
891 566 1152 610 inducatur
1173 566 1296 610 alius
1319 567 1443 611 ordo
1462 567 1589 612 inter
1608 582 1724 612 vera
1749 576 1799 613 et
1824 568 1954 612 bona
1983 570 2047 624 (n.
2069 578 2197 624 4250,
2219 578 2348 626 4251,

488 637 615 679 9931,
642 626 815 679 10303)·

578 681 726 739 Quod
750 683 1077 739 disponantur
1099 683 1370 727 secundum
1394 683 1516 728 fines
1542 686 1607 740 (n.
1629 686 1780 740 4104).

579 741 654 783 Ita
676 742 810 797 quod
834 742 1105 784 secundum
1129 756 1246 785 usus
1268 742 1400 785 vitae
1423 743 1689 799 spiritualis
1716 747 1780 799 (n.
1804 745 1954 799 9297).

578 798 725 856 Quod
758 800 842 856 qui
876 809 1226 857 regenerantur
1248 800 1410 856 plures
1442 810 1599 845 status
1632 803 1852 852 subeant,
1876 816 1932 846 ac
1962 802 2145 860 jugiter
2170 803 2348 860 perdu-

486 867 663 902 cantur
686 858 890 901 interius
915 859 963 900 in
987 859 1191 908 caelum,
1216 859 1284 901 ita
1306 860 1506 916 propius
1529 861 1590 903 ad
1618 860 1884 904 Dominum
1912 863 1975 917 (n.
1999 861 2150 916 6645).

576 915 723 973 Quod
759 925 1072 973 regeneratus
1105 917 1168 960 sit
1203 917 1250 959 in
1284 918 1458 961 ordine
1490 919 1609 962 caeli
1646 921 1710 975 (n.
1735 920 1894 975 8512);
1931 921 2064 976 quod
2099 920 2345 964 internum

485 975 592 1031 ejus
615 975 679 1017 sit
701 985 926 1031 apertum
951 975 999 1017 in
1023 976 1211 1019 caelum
1240 978 1303 1031 (n.
1324 976 1450 1031 8512,
1475 977 1623 1032 8513).

577 1033 724 1090 Quod
769 1034 920 1077 homo
963 1048 1050 1090 per
1092 1035 1511 1091 regenerationem
1558 1036 1606 1078 in
1650 1036 2027 1093 intelligentiam
2071 1036 2344 1094 angelicam

485 1092 666 1141 veniat,
690 1100 740 1134 at
772 1093 906 1148 quod
940 1093 1022 1135 illa
1055 1093 1103 1135 in
1138 1093 1453 1137 interioribus
1480 1094 1586 1150 ejus
1609 1095 1900 1138 abscondita
1921 1096 2073 1138 lateat
2109 1095 2344 1152 quamdiu

483 1150 608 1193 vivit
642 1151 690 1192 in
719 1152 919 1201 mundo,
943 1152 1029 1194 sed
1064 1153 1197 1207 quod
1231 1152 1480 1208 aperiatur
1502 1153 1550 1195 in
1583 1153 1735 1196 altera
1759 1154 1874 1203 vita,
1901 1162 1951 1197 et
1983 1154 2116 1210 quod
2148 1162 2268 1197 tunc
2299 1153 2343 1197 ei

484 1209 657 1252 similis
681 1209 923 1265 sapientia
946 1210 1009 1253 sit
1027 1210 1183 1266 qualis
1206 1220 1281 1254 est
1303 1212 1490 1267 angelis
1516 1214 1580 1266 (n.
1601 1223 1727 1266 2494,
1751 1212 1900 1266 8747).
2317 1224 2319 1226 ·

575 1267 743 1311 Status
777 1268 970 1312 illorum
1004 1269 1086 1325 qui
1121 1278 1483 1326 regenerantur,
1511 1271 1674 1327 quoad
1710 1270 2087 1314 illustrationem
2123 1271 2188 1326 (n.
2217 1269 2342 1326 2697,

485 1336 611 1379 2701,
636 1328 784 1381 2704).

513 1443 539 1486 6
573 1384 719 1442 Quod
755 1385 906 1429 homo
939 1400 1025 1443 per
1047 1386 1469 1443 regenerationem
1503 1401 1686 1430 novum
1716 1385 2020 1431 intellecflum
2043 1387 2253 1444 accipiat
2275 1389 2342 1443 (n.

484 1455 508 1485 2
546 1447 633 1498 57)·
2302 1475 2306 1477 -

574 1501 843 1560 Quomodo
875 1517 927 1547 se
960 1503 1109 1546 habet
1134 1517 1245 1547 cum
1280 1502 1659 1548 fruetificatione
1695 1504 1812 1548 boni
1845 1513 1895 1548 et
1933 1504 2344 1562 multiplicatione

482 1561 584 1604 veri
611 1561 876 1618 apud-illos
899 1562 982 1618 qui
1002 1571 1353 1619 regenerantur
1378 1564 1442 1618 (n.
1467 1563 1587 1618 984).

573 1619 723 1678 Quod
747 1634 863 1664 vera
889 1635 949 1664 ex
976 1622 1108 1664 bono
1141 1622 1271 1677 apud
1306 1631 1649 1678 regeneratum
1678 1621 1860 1664 faciant
1887 1621 2014 1665 sicut
2040 1622 2231 1666 stellam
2259 1636 2346 1679 per

482 1678 814 1723 derivationes
837 1680 1154 1730 successivas,
1178 1689 1228 1724 et
1249 1693 1300 1724 se
1323 1681 1639 1724 circumcirca
1660 1681 1894 1724 continue
1921 1681 2248 1738 multiplicent
2277 1683 2343 1738 (n.

486 1739 632 1792 5912>-

572 1795 719 1853 Quod
743 1810 858 1840 vera
879 1811 938 1840 ex
960 1798 1093 1840 bono
1116 1798 1245 1853 apud
1270 1805 1610 1854 regeneratum
1635 1797 1875 1854 disposita
1888 1798 1986 1842 sint
2010 1798 2058 1841 in
2076 1812 2188 1842 eum
2212 1798 2343 1841 ordi-

483 1868 595 1897 nem
625 1863 679 1897 ut
704 1855 919 1911 genuina
943 1870 1059 1899 vera
1084 1856 1214 1906 boni,
1242 1870 1302 1899 ex
1329 1857 1506 1912 quibus
1529 1865 1583 1899 ut
1617 1857 1900 1912 parentibus
1933 1857 2207 1913 procedunt
2234 1857 2343 1900 reli-

483 1927 592 1969 qua,
610 1914 708 1956 sint
727 1914 774 1956 in
794 1914 970 1964 medio,
988 1923 1037 1957 et
1055 1915 1168 1957 dein
1188 1915 1455 1958 succedant
1472 1915 1645 1958 ordine
1662 1916 1932 1958 secundum
1949 1915 2343 1972 propinquitates

482 1980 532 2015 et
563 1971 840 2020 affinitates,
865 1987 1019 2030 usque
1052 1974 1113 2016 ad
1147 1973 1332 2023 ultima,
1360 1973 1442 2016 ubi
1475 1974 1739 2017 obscurum
1775 1975 1839 2029 (n.
1862 1974 2020 2030 4128[?
2041 1975 2190 2029 4129],
2212 1984 2342 2029 4551,

481 2042 511 2083 4
574 2043 611 2080 2,
671 2044 685 2073 1
723 2043 763 2084 4,
814 2041 899 2084 270
924 2066 932 2075 .

517 2041 720 2147 55911503
743 2042 859 2133 vgra
891 2033 950 2133 gx
977 2091 1109 2133 bono
1132 2091 1262 2146 apud
1298 2099 1639 2147 regeneratum
1675 2091 1916 2146 disposita
1937 2091 2037 2135 sint
2060 2090 2108 2134 in
2132 2089 2346 2134 formam

482 2149 602 2192 caeli
640 2150 703 2203 (n.
729 2149 854 2203 3316,
881 2160 1007 2204 3470,
1032 2149 1158 2204 3584,
1182 2161 1310 2204 4302,
1339 2160 1462 2205 5704,
1492 2161 1615 2205 5709,
1638 2149 1766 2199 6028,
1790 2149 1918 2204 6690,
1942 2162 2070 2205 9931,
2098 2162 2262 2205 103o3;
2294 2158 2344 2194 et

483 2207 533 2249 in
557 2221 704 2263 opere
731 2209 805 2250 De
829 2209 965 2250 Caelo
986 2213 1030 2250 et
1054 2209 1268 2265 Inferno,
1293 2209 1341 2250 in
1365 2209 1574 2251 articulo
1599 2208 1673 2251 De
1699 2207 1879 2251 Forma
1901 2208 2049 2258 Caeli,
2072 2209 2340 2252 secundum

482 2279 628 2322 quam
671 2266 1067 2310 consociationes
1110 2275 1160 2310 et
1202 2267 1676 2310 communicationes
1715 2267 1794 2317 ibi,
1834 2281 1879 2310 n.
1904 2279 2128 2317 200-212;
2175 2275 2225 2310 et
2269 2266 2345 2310 De

484 2323 736 2381 Sapientia
758 2325 1064 2382 Angelorum
1089 2324 1237 2376 Caeli,
1262 2340 1307 2369 n.
1332 2326 1569 2381 265—275).

573 2432 720 2491 Quod
748 2434 878 2489 apud
913 2441 1253 2491 regeneratum
1287 2433 1727 2489 correspondentia
1758 2433 1822 2477 sit
1845 2433 1973 2477 inter
1993 2434 2265 2490 spiritualia
2295 2443 2346 2479 et

483 2492 726 2534 naturalia
755 2494 819 2547 (n.
846 2493 993 2547 2850).

573 2549 720 2608 Quod
743 2551 867 2594 ordo
889 2551 1019 2594 vitae
1043 2565 1242 2608 prorsus
1266 2551 1487 2594 inversus
1510 2550 1574 2594 sit
1599 2551 1729 2607 apud
1757 2559 2096 2607 regeneratum
2127 2553 2192 2608 (n.
2216 2564 2343 2608 3332,

487 2609 910 2725 Slsffiiigggsiiomo
946 2676 1260 2725 regeneratus
1298 2668 1361 2712 sit
1403 2681 1601 2725 prorsus
1624 2681 1782 2711 novus
1824 2668 1987 2725 quoad
2020 2667 2246 2725 spiritum
2277 2669 2342 2718 (n.

515 2729 634 2779 212).

485 2738 509 2781 3
573 2784 720 2842 Quod
745 2792 1061 2841 regeneratus
1080 2784 1243 2840 quoad
1263 2791 1467 2827 externa
1483 2791 1716 2840 appareat
1733 2783 1906 2827 similis
1925 2796 2024 2826 non
2044 2790 2346 2840 regenerato.

484 2857 582 2887 non
602 2852 767 2886 autem
791 2844 955 2900 quoad
980 2843 1172 2886 interna
1198 2844 1262 2898 (n.
1290 2843 1436 2897 5159).

574 2902 718 2960 Quod
744 2903 928 2945 bonum
953 2901 1222 2958 spirituale,
1247 2902 1380 2957 quod
1409 2909 1484 2944 est
1510 2914 1570 2943 ex
1592 2899 1853 2944 affectione
1876 2899 2059 2943 amoris
2081 2899 2198 2943 boni
2220 2899 2346 2943 velle

484 2969 534 3004 et
557 2961 716 3004 facere
739 2962 940 3010 bonum,
965 2974 1064 3004 non
1089 2960 1153 3003 sit
1186 2959 1375 3003 homini
1410 2959 1502 3002 nisi
1526 2973 1671 3015 quam
1707 2973 1793 3016 per
1820 2958 2242 3016 regenerationem
2278 2961 2345 3012 (n.

518 3022 721 3136 53Q)uod
737 3091 864 3128 vera,
884 3077 1026 3134 [¹]qua
1042 3076 1303 3120 affeftione
1319 3076 1517 3125 intrant,
1536 3075 1683 3119 etiam
1704 3076 2094 3131 reproducantur
2114 3076 2179 3131 (n.
2197 3074 2344 3130 5893).

574 3138 721 3195 Quod
744 3151 872 3186 vera,
891 3145 1131 3193 quantum
1157 3136 1477 3191 deprivantur
1498 3135 1602 3177 vita
1623 3148 1650 3177 a
1673 3135 1872 3190 proprio
1896 3134 2125 3184 hominis,
2147 3141 2343 3177 tantum

484 3197 851 3252 conjungantur
874 3197 1018 3244 bono,
1043 3204 1093 3238 et
1114 3195 1267 3237 vitam
1292 3193 1595 3250 spiritualem
1619 3193 1863 3249 accipiant
1890 3195 1954 3247 (n.
1980 3193 2105 3248 3607,
2133 3191 2284 3247 3610).

576 3254 724 3312 Quod
747 3255 875 3297 veris
898 3263 1091 3297 tantum
1110 3254 1213 3297 vita
1235 3253 1311 3303 sit,
1331 3261 1569 3310 quantum
1594 3252 1721 3295 mala
1742 3265 1801 3295 ex
1817 3265 1982 3295 amore
2005 3250 2078 3294 sui
2101 3259 2152 3294 et
2174 3250 2344 3293 mundi

487 3322 807 3358 removentur
832 3315 898 3368 (n.
923 3313 1076 3368 3610).

576 3421 721 3479 Quod
748 3421 905 3477 prima
925 3419 1123 3464 affectio
1145 3421 1246 3463 veri
1271 3420 1399 3476 apud
1425 3419 1676 3462 hominem
1700 3418 1782 3475 qui
1807 3425 2135 3475 regeneratur,
2160 3428 2258 3460 non
2281 3415 2345 3460 sit

487 3495 619 3537 pura,
641 3481 725 3523 sed
750 3480 882 3536 quod
907 3479 1180 3522 successive
1203 3478 1488 3535 purificetur
1513 3480 1577 3533 (n.
1604 3477 1730 3532 3089,
1749 3477 1900 3531 8413).

576 3538 723 3595 Quod
753 3538 880 3580 mala
901 3546 951 3580 et
975 3537 1107 3587 falsa,
1131 3537 1263 3592 apud
1293 3536 1544 3579 hominem
1569 3536 1651 3592 qui
1682 3542 2008 3592 regeneratur,
2032 3534 2164 3577 lente
2186 3546 2344 3576 remo-

486 3605 707 3644 veantur,
726 3605 775 3639 et
799 3609 897 3638 non
921 3596 1021 3638 cito
1048 3598 1111 3647 (n.
1136 3607 1263 3650 9334,
1287 3596 1437 3649 9335).

577 3653 723 3711 Quod
759 3655 885 3696 mala
911 3662 960 3696 et
988 3653 1119 3702 falsa,
1145 3667 1270 3709 quae
1304 3652 1501 3708 propria
1532 3651 1759 3700 hominis,
1784 3664 1938 3707 usque
1973 3657 2271 3697 remaneant,
2294 3657 2345 3692 et

487 3714 622 3769 quod
657 3713 806 3755 modo
840 3725 925 3772 per
951 3712 1372 3768 regenerationem
1407 3718 1752 3754 removeantur
1786 3714 1851 3765 (n.
1879 3709 1977 3765 865,
2001 3708 2098 3759 868,
2123 3708 2220 3761 887,
2244 3719 2344 3763 929,
