2496 4250
191 730 718 789 [PRAENUNTJATA
739 729 832 770 DE
860 729 992 770 HOC
1013 729 1329 770 OPUSCULO
1353 728 1845 779 CONTENTJSQUE
1874 727 2051 781 EJUS,

300 796 397 837 EX
419 795 632 836 OPERE
651 794 861 836 “VERA
891 793 1269 834 CHRISTIANA
1295 792 1605 833 RELIGIO”
1633 790 2054 845 NUNCUPATO]

272 1001 295 1019 ‘⁸
307 1011 387 1047 15.
433 1031 443 1041 .
461 1026 471 1041 ⁴
487 1030 498 1041 .
515 1030 526 1040 .
592 998 702 1039 Inde
719 998 767 1039 fit
787 997 908 1050 quod
923 997 1074 1037 unitas
1101 996 1184 1037 Dei
1202 1009 1293 1036 non
1317 996 1454 1037 modo
1471 994 1706 1037 actualiter
1722 996 1959 1044 dividatur,
1977 997 2056 1036 sed

186 1064 324 1106 etiam
349 1063 450 1115 ipsa
477 1062 721 1113 theologia,
749 1068 795 1102 et
824 1073 1000 1113 quoque
1030 1073 1159 1100 mens
1189 1061 1389 1100 humana
1417 1059 1464 1100 in
1494 1073 1583 1112 qua
1612 1060 1691 1100 illa
1714 1060 1811 1108 erit,
1838 1060 2057 1100 similiter.

188 1127 307 1180 Quid
336 1126 442 1166 inde
471 1125 559 1166 nisi
590 1124 850 1177 perplexum
881 1131 926 1164 et
955 1135 1049 1163 non
1074 1124 1322 1163 cohaerens
1352 1123 1398 1163 in
1429 1125 1562 1163 rebus
1589 1123 1815 1163 Ecclesiae
1839 1123 2060 1163 resultat?

189 1190 322 1243 Quod
345 1189 450 1229 talis
473 1188 532 1229 sit
555 1195 698 1229 status
724 1186 953 1228 Ecclesiae
977 1186 1224 1226 hodiernae
1250 1186 1296 1225 in
1319 1185 1581 1238 Appendice
1607 1193 1711 1237 post
1734 1185 1819 1226 hoc
1845 1198 1958 1237 opus
1984 1186 2059 1224 de-

187 1250 551 1293 monstrabitur.'’

273 1350 296 1367 ‘⁴
307 1360 413 1397 1¹77.
459 1379 470 1390 .
487 1379 498 1390 .
513 1378 524 1389 .
542 1379 552 1389 .
616 1347 662 1388 Si
679 1347 778 1399 quis
794 1347 878 1387 sub
893 1357 1084 1387 examen
1101 1345 1240 1386 mittit
1255 1344 1437 1396 singula
1449 1342 1728 1393 doctrinalia,
1746 1344 1862 1384 sicut
1878 1343 1923 1383 id
1939 1343 2058 1395 quod

135 1428 140 1434 ·
189 1412 245 1452 de
263 1410 374 1460 Deo,
389 1411 445 1451 de
463 1410 666 1451 Persona
682 1409 864 1458 Christi,
881 1409 938 1449 de
956 1407 1200 1457 charitate,
1218 1408 1273 1448 de
1293 1407 1591 1456 Paenitentia,
1610 1408 1664 1447 de
1684 1407 2058 1458 Regeneratione,

188 1476 244 1517 de
265 1475 427 1516 Libero
443 1474 659 1523 Arbitrio,
675 1473 732 1514 de
750 1471 996 1521 Elefflone,
1012 1472 1068 1512 de
1086 1472 1187 1512 Usu
1208 1478 1592 1512 sacramentorum
1617 1470 1837 1521 Baptismi
1858 1477 1903 1510 et
1925 1470 2061 1509 Sanc-

188 1547 262 1580 tae
275 1538 442 1586 Cenae,
462 1536 703 1577 manifeste
717 1536 890 1576 videbit
905 1536 1026 1588 quod
1043 1535 1244 1575 Trinitas
1260 1535 1461 1574 Deorum
1479 1533 1671 1584 singulis
1687 1533 1798 1573 insit
1815 1545 1823 1579 ;
1850 1539 1894 1572 et
1911 1532 1948 1572 si
1967 1543 2059 1570 non

189 1600 425 1643 actualiter
447 1607 634 1652 apparet
658 1599 823 1648 inesse,
851 1611 993 1651 usque
1018 1611 1074 1638 ex
1098 1598 1177 1638 illa
1206 1598 1323 1638 sicut
1347 1610 1403 1637 ex
1427 1610 1510 1637 suo
1535 1597 1663 1637 fonte
1688 1596 1913 1636 scaturiat.
1973 1595 2060 1635 Sed

190 1665 295 1719 quia
313 1664 404 1705 tale
423 1675 614 1704 examen
634 1662 708 1703 hic
729 1675 821 1702 non
843 1662 938 1702 fieri
960 1669 1122 1713 potest,
1147 1669 1192 1701 et
1211 1669 1365 1701 tamen
1383 1672 1547 1711 operae
1573 1659 1766 1711 pretium
1788 1666 1857 1699 est
1878 1658 1934 1698 ad
1956 1669 2061 1708 ape-

190 1728 396 1769 riendum
413 1727 569 1767 oculos
584 1732 634 1766 ut
654 1725 744 1774 fiat,
765 1726 866 1766 ideo
882 1726 984 1765 huic
1006 1725 1130 1776 operi
1152 1724 1424 1775 adjungetur
1441 1722 1683 1775 Appendix
1703 1722 1749 1761 in
1770 1734 1859 1774 qua
1878 1721 1963 1760 hoc
1985 1721 2062 1760 de-

190 1789 555 1833 monstrabitur.”
793 1786 800 1794 ’

274 1940 424 1987 “343.
470 1969 480 1980 .
498 1970 534 1980 ..
553 1970 563 1980 .
627 1938 715 1978 Sed
744 1945 987 1990 antequam
1017 1937 1106 1986 illa,
1132 1949 1246 1989 quae
1275 1937 1495 1976 hodierna
1526 1935 1727 1976 Ecclesia
1756 1935 1812 1975 de
1842 1946 1926 1974 sua
1954 1933 2061 1973 Fide

191 2002 339 2051 tradit,
361 2008 666 2050 assumuntur,
687 2001 949 2049 lustrantur,
971 2007 1016 2041 et
1036 2000 1362 2052 expenduntur,
1385 1999 1505 2052 quod
1530 1999 1605 2039 fiet
1630 1999 1676 2038 in
1698 1997 1975 2050 Appendice,
1998 1996 2062 2034 af-

191 2065 392 2106 ferentur
412 2064 672 2105 communia
691 2077 806 2116 quae
828 2063 960 2104 Nova
981 2063 1180 2103 Ecclesia
1199 2064 1254 2103 de
1276 2075 1360 2103 sua
1382 2062 1489 2103 Fide
1510 2060 1688 2102 docet.”

275 2161 430 2208 “4850
474 2191 485 2202 .
502 2191 512 2201 .
529 2191 539 2201 .
557 2191 567 2201 .
631 2159 847 2211 Sequelae
871 2171 927 2199 ex
949 2158 1294 2198 confirmatione
1317 2158 1436 2210 quod
1462 2157 1588 2197 nulla
1611 2157 1669 2196 sit
1690 2155 1927 2206 imputatio
1952 2154 2061 2193 boni

194 2230 239 2264 et
259 2223 366 2263 mali
387 2224 557 2274 absque
580 2222 740 2262 Libero
762 2221 962 2262 Arbitrio
982 2221 1028 2261 in
1049 2221 1373 2272 spiritualibus,
1399 2227 1506 2260 sunt
1528 2220 1703 2271 plures;
1734 2226 1778 2258 et
1802 2218 1906 2257 illae
1932 2229 2062 2256 enor-

194 2298 306 2334 mes,
329 2286 377 2326 in
399 2285 560 2326 ultima
583 2292 709 2336 parte
730 2285 863 2336 hujus
885 2285 1049 2336 operis,
1073 2285 1149 2324 ubi
1173 2284 1229 2323 de
1251 2283 1529 2330 haeresibus,
1555 2280 1796 2333 paradoxis
1817 2287 1862 2320 et
1886 2287 2063 2319 contra-

194 2346 479 2396 dictionibus,
503 2349 879 2399 promanantibus
905 2361 961 2388 ex
983 2347 1206 2387 hodierna
1225 2346 1311 2386 fide
1335 2345 1603 2396 imputativa
1626 2343 1772 2384 meriti
1797 2350 1841 2383 et
1865 2342 2062 2394 justitiae

195 2411 380 2453 Domini
402 2411 486 2452 Dei
508 2411 771 2460 Salvatoris,
796 2411 1021 2462 agendum
1043 2417 1126 2458 est,
1152 2409 1423 2461 aperiendae
1445 2407 1594 2448 sunt.’'

278 2508 431 2554 “627·
477 2538 487 2548 .
506 2538 542 2548 ..
560 2538 570 2548 .
636 2506 688 2547 In
714 2506 977 2558 Appendice
1002 2505 1333 2546 ostendendum
1364 2512 1433 2545 est
1462 2504 1582 2556 quod
1612 2503 1745 2543 Fides
1775 2503 1853 2542 illa
1883 2514 1974 2541 non
2006 2501 2064 2541 sit

196 2570 467 2619 Christiana,
495 2571 600 2622 quia
622 2570 808 2610 dissidet
831 2583 859 2610 a
881 2570 1048 2618 Verbo,
1076 2576 1121 2609 et
1145 2569 1263 2620 quod
1287 2567 1525 2619 imputatio
1549 2566 1667 2607 illius
1694 2565 1817 2606 Fidei
1847 2565 1904 2605 sit
1929 2576 2059 2611 vana,

195 2633 301 2685 quia
319 2633 530 2673 meritum
554 2633 722 2673 Christi
743 2645 835 2672 non
857 2640 926 2673 est
945 2631 1250 2684 imputabile.''

280 2727 431 2775 “7580
477 2759 488 2769 .
505 2759 514 2768 .
533 2759 542 2768 .
559 2759 569 2769 .
635 2728 767 2780 Quod
790 2727 894 2768 talis
915 2727 1210 2767 Abominatio
1234 2697 1696 2767 Desolationis’hodie
1717 2725 1775 2765 sit
1795 2724 1842 2764 in
1865 2723 2065 2764 Ecclesia

198 2790 468 2840 Christiana,
482 2791 627 2831 adhuc
648 2791 817 2842 patebit
837 2803 893 2831 ex
912 2791 1187 2842 Appendice,
1205 2790 1251 2829 in
1274 2802 1360 2841 qua
1379 2789 1603 2829 videbitur
1623 2787 1743 2840 quod
1765 2799 1857 2827 non
1879 2787 2062 2826 unicum

197 2854 444 2905 genuinum
460 2866 616 2893 verum
636 2854 682 2893 in
701 2853 903 2894 Ecclesia
917 2854 1143 2894 residuum
1162 2853 1231 2901 sit,
1254 2860 1298 2892 et
1319 2864 1496 2904 quoque
1514 2851 1633 2904 quod
1654 2850 1741 2891 nisi
1764 2849 1896 2890 Nova
1913 2848 2065 2889 Eccle-

198 2917 268 2958 sia
286 2915 387 2957 loco
407 2910 654 2957 hodiernae
675 2916 984 2965 exsuscitetur,

871 3034 881 3048 ·
890 3028 1001 3063 Nulla
1015 3038 1100 3062 caro
1115 3027 1247 3062 salvari
1260 3026 1398 3070 possit:

200 3126 445 3168 secundum
466 3128 605 3168 verba
630 3127 814 3168 Domini
838 3127 956 3180 apud
976 3127 1252 3168 Matthaeum
1273 3125 1386 3178 (cap.
1408 3125 1526 3167 xxiv.
1544 3123 1653 3177 22).”
