2496 4250
407 448 472 502 54
1081 447 1163 487 DE
1202 447 1582 487 CHARITATE.

403 587 579 652 prium
601 585 836 636 hominis
859 602 956 651 per
974 586 1347 636 reversionem
1369 585 1521 637 illam
1543 585 1747 638 factum
1770 589 1841 639 sit
1864 605 2014 640 mere
2033 588 2256 652 malum,

402 673 487 714 est
510 663 746 714 alterum
770 663 1009 713 medium
1029 665 1462 729 recuperationis
1483 666 1738 732 imaginis
1761 667 1886 729 Dei,
1902 667 2090 734 fugere
2113 668 2260 720 mala

403 750 461 792 ut
491 749 757 806 peccata;
798 758 925 791 nam
954 742 997 791 si
1025 758 1137 792 non
1164 742 1303 808 fugit
1331 742 1478 793 mala
1505 752 1564 794 ut
1593 752 1844 809 peccata,
1874 745 1972 795 sed
2001 745 2170 797 modo
2197 754 2258 797 ut

402 820 621 879 damna,
645 836 815 884 usque
844 835 953 869 non
976 817 1196 884 spectat
1224 820 1294 870 ad
1323 820 1624 872 Dominum
1653 822 1751 872 sed
1779 822 2073 884 ad-semet,
2092 831 2154 875 -et
2181 824 2256 875 sic

402 904 692 961 permanet
727 898 781 946 in
810 904 961 947 statu
989 913 1282 962 perverso;
1323 898 1454 949 dum
1482 907 1670 950 autem
1697 900 1835 966 fugit
1864 900 2012 952 mala
2038 908 2097 952 ut
2126 917 2256 967 pee-

402 982 545 1033 cata,
574 973 712 1039 fugit
750 973 844 1024 illa
875 975 1000 1040 quia
1027 983 1156 1026 sunt
1195 984 1393 1027 contra
1431 977 1733 1028 Dominum
1772 987 1830 1029 et
1867 986 2064 1030 contra
2102 978 2256 1046 leges

403 1051 633 1102 Divinas
661 1052 855 1118 IpsiuS‚
879 1061 936 1104 et
964 1061 1097 1104 tunc
1125 1054 1401 1120 supplicat
1429 1055 1499 1106 ad
1528 1055 1830 1107 Dominum
1859 1057 1928 1108 de
1955 1073 2062 1123 ope
2087 1064 2148 1109 et
2187 1057 2256 1110 de

402 1131 658 1194 potentia
695 1131 989 1182 resistendi
1028 1131 1152 1193 illis,
1182 1149 1321 1198 quae
1361 1135 1618 1198 potentia
1648 1134 1960 1200 supplicata
1986 1152 2257 1203 nusquam

403 1215 672 1273 negatur;
713 1225 810 1274 per
836 1209 973 1260 haec
1002 1210 1111 1260 duo
1143 1211 1326 1261 media
1352 1211 1668 1276 purificatur
1693 1212 1863 1263 homo
1901 1230 1933 1263 a
1971 1213 2131 1265 malis
2157 1214 2260 1266 sibi

402 1287 680 1350 connatis3
720 1305 886 1353 quare
915 1289 958 1338 si
985 1288 1079 1338 illa
1106 1289 1215 1339 duo
1242 1290 1426 1339 media
1452 1306 1564 1340 non
1587 1289 1958 1356 amplectitur,
1989 1308 2100 1343 non
2128 1300 2256 1359 pot-

403 1371 491 1414 est
529 1364 691 1415 aliter
716 1382 881 1431 quam
918 1383 1140 1417 manere
1169 1366 1343 1432 qualis
1379 1375 1544 1418 natus
1575 1375 1663 1418 est
1684 1385 1695 1431 ;
1736 1385 1848 1419 non
1887 1377 2078 1435 potest
2117 1371 2261 1436 puri-

403 1440 551 1492 ficari
579 1460 611 1492 a
648 1443 807 1494 malis
836 1444 878 1493 si
907 1444 1085 1495 solum
1114 1442 1332 1510 spectat
1360 1445 1430 1495 ad
1459 1445 1640 1496 Deum
1668 1453 1726 1497 et
1753 1454 1909 1510 orat;
1950 1455 2083 1499 tunc
2111 1449 2258 1500 enim

401 1520 578 1571 credit
606 1529 903 1587 postquam
931 1531 1187 1573 oraverat
1215 1523 1362 1589 quod
1391 1539 1612 1588 prorsus
1639 1524 1847 1591 absque
1876 1527 2139 1590 peccatiS,
2163 1543 2260 1578 seu

401 1598 549 1663 quod
587 1600 832 1661 remissa,
861 1616 958 1665 per
995 1601 1144 1666 quod
1182 1600 1446 1666 intelligit
1486 1601 1633 1667 quod
1673 1603 1783 1654 sint
1822 1602 2043 1654 ablata:
2084 1611 2143 1656 at
2182 1605 2258 1656 sic

401 1693 572 1742 usque
601 1685 790 1727 manet
817 1678 870 1727 in
898 1677 1035 1741 illis;
1075 1686 1131 1728 et
1160 1695 1383 1729 manere
1410 1680 1464 1729 in
1491 1679 1597 1730 illis
1624 1688 1711 1730 est
1738 1697 1941 1746 augere
1968 1680 2063 1732 illa
2086 1699 2098 1745 ;
2127 1699 2257 1733 nam

400 1762 529 1805 sunt
557 1756 731 1806 instar
758 1756 933 1807 morbi
972 1758 1062 1822 qui
1101 1758 1306 1807 circum
1335 1774 1392 1807 se
1421 1758 1673 1822 depascit
1706 1760 1892 1809 omnia
1930 1766 1987 1810 et
2026 1759 2258 1811 mortifi-

400 1840 524 1894 cat;
572 1850 673 1884 nec
714 1834 859 1884 mala
897 1843 1254 1885 removentur
1293 1851 1390 1900 per
1429 1835 1608 1886 solum
1647 1835 1835 1902 fugere
1874 1836 1984 1900 illa,
2012 1854 2141 1888 nam
2180 1839 2257 1889 sic

400 1909 618 1976 spectat
659 1912 727 1962 ad
757 1929 831 1972 se,
861 1920 918 1963 et
957 1929 1054 1978 per
1091 1913 1145 1963 id
1185 1912 1478 1964 confirmat
1506 1914 1777 1979 originem
1817 1913 1964 1975 mali,
1994 1932 2134 1982 quae
2159 1915 2259 1967 fuit

400 1989 547 2055 quod
574 1998 754 2040 semet
776 1998 925 2041 retro
947 1991 1177 2042 verterit
1199 2008 1231 2041 a
1258 1991 1503 2042 Domino
1525 1999 1582 2042 et
1604 1993 1946 2044 converterit
1967 1991 2038 2043 ad
2059 2001 2257 2044 semet.

401 2138 447 2178 5.
492 2137 611 2182 Quod
627 2142 829 2192 quantum
851 2139 946 2193 quis
974 2152 1055 2181 non
1077 2140 1296 2194 cognoscit
1323 2144 1369 2182 et
1393 2140 1479 2182 scit
1502 2144 1682 2195 peccata
1711 2153 1919 2195 quaenam
1948 2144 2062 2190 sunt,
2094 2144 2259 2184 tantum

562 2214 642 2243 ηοη
668 2202 807 2243 videat
825 2202 951 2244 aliter·
969 2215 1095 2257 quam
1115 2203 1229 2258 quod
1244 2203 1405 2259 absque
1420 2203 1613 2258 peccatis
1633 2203 1702 2246 sit.

505 2301 701 2354 Omnis
727 2303 897 2355 homo
919 2312 1070 2355 amat
1098 2306 1378 2370 proprium
1406 2322 1580 2368 suum,
1608 2312 1725 2356 tam
1753 2306 2033 2371 proprium
2060 2306 2256 2358 volun-

397 2381 596 2431 tarium
625 2399 788 2448 quam
817 2383 1095 2448 proprium
1122 2381 1536 2445 intellectuale3
1578 2384 1859 2448 proprium
1881 2383 2254 2436 voluntarium

399 2466 484 2509 est
508 2459 731 2520 malum,
755 2468 812 2511 et
841 2461 1120 2526 proprium
1143 2459 1522 2512 intellectuale
1545 2469 1630 2511 est
1657 2460 1854 2511 falsum
1875 2479 1949 2512 ex
1970 2461 2067 2513 illo
2088 2461 2255 2525 malo,

397 2536 476 2587 ita
502 2545 588 2588 est
615 2538 811 2588 falsum
839 2539 968 2589 mali
991 2556 1001 2601 ;
1043 2547 1101 2590 et
1129 2540 1254 2605 quia
1281 2540 1461 2589 omnis
1488 2539 1658 2589 homo
1687 2547 1839 2590 amat
1879 2556 1976 2590 sua
2015 2541 2253 2606 propria,

397 2614 476 2664 ita
502 2623 653 2666 amat
681 2615 887 2666 malum
914 2624 971 2667 et
1000 2616 1113 2682 ejus
1146 2617 1362 2677 falsum,
1392 2624 1450 2668 et
1489 2618 1615 2683 quia
1641 2633 1807 2668 omne
1847 2617 1996 2684 quod
2034 2626 2253 2669 amatur

398 2693 567 2743 etiam
589 2693 890 2759 jucundum
918 2702 1020 2758 est,
1047 2695 1173 2746 ideo
1201 2712 1312 2745 non
1344 2695 1448 2745 scit
1488 2695 1650 2745 aliter
1676 2711 1840 2761 quam
1868 2695 2016 2762 quod
2044 2695 2251 2747 malum

398 2771 543 2835 apud
583 2789 641 2822 se
681 2773 751 2822 sit
790 2772 1015 2833 bonum,
1045 2780 1102 2823 et
1141 2773 1290 2839 quod
1329 2772 1525 2823 falsum
1565 2772 1678 2838 ejus
1717 2774 1788 2823 sit
1819 2790 2043 2836 verum;
2084 2789 2251 2824 omne

397 2850 543 2899 enim
571 2850 625 2899 id
652 2850 851 2900 dicitur
871 2851 1076 2901 bonum
1105 2851 1253 2917 quod
1281 2858 1366 2901 est
1389 2850 1707 2916 jucundum.
1783 2851 1875 2901 Ex
1903 2851 1987 2902 his
2015 2851 2250 2917 primum

396 2927 570 2978 videri
607 2935 815 2994 potest,
854 2928 1002 2995 quod
1041 2930 1142 2979 nisi
1187 2929 1356 2979 homo
1395 2936 1702 2994 cognoscat
1743 2937 1799 2979 et
1839 2931 1977 2980 sciat
2017 2937 2253 2995 peccata

397 3022 668 3072 quaenam
697 3014 843 3067 sunt,
872 3014 1095 3057 tantum
1123 3024 1235 3058 non
1260 3007 1449 3058 videat
1477 3006 1637 3057 aliter
1663 3023 1827 3072 quam
1855 3007 2003 3073 quod
2042 3007 2252 3074 absque

397 3085 643 3148 peccatis
675 3085 762 3134 sit.
838 3083 948 3135 Sed
988 3086 1114 3151 quia
1151 3085 1320 3136 homo
1359 3092 1511 3135 amat
1550 3084 1758 3135 malum
1798 3101 1955 3135 suum
1995 3092 2053 3136 et
2091 3084 2249 3151 hujus

396 3161 610 3224 falsum,
634 3163 758 3228 quia
785 3170 935 3213 amat
964 3164 1262 3228 proprium,
1285 3179 1395 3215 non
1425 3170 1614 3227 potest
1643 3163 1780 3213 scire
1804 3163 1933 3228 quid
1961 3162 2168 3214 malum
2188 3170 2247 3214 et

396 3239 523 3290 inde
551 3241 679 3306 quid
707 3239 903 3291 falsum
932 3258 963 3290 a
989 3248 1187 3301 semet,
1217 3241 1316 3291 sed
1337 3240 1547 3291 videbit
1576 3240 1630 3289 id
1658 3239 1879 3290 aliunde
1902 3258 1913 3302 ;
1953 3240 2163 3291 videbit
2190 3240 2246 3291 id

396 3335 469 3368 ex
491 3319 803 3384 praeceptis
825 3318 1122 3384 religionis,
1147 3334 1378 3385 quorum
1401 3319 1586 3368 omnia
1607 3335 1666 3368 se
1693 3318 1934 3368 referunt
1961 3318 2031 3368 ad
2053 3317 2249 3368 decem

397 3404 698 3461 praecepta
721 3396 991 3462 Decalogi
1013 3415 1023 3458 ;
1065 3414 1204 3463 quae
1234 3404 1533 3462 praecepta
1554 3396 1697 3446 si'ex
1726 3397 1912 3446 animo
1934 3395 2124 3461 rejicit,
2149 3411 2247 3446 ne-

397 3490 671 3539 quaquam
711 3483 901 3540 potest
940 3475 1126 3526 videre
1166 3475 1327 3525 aliter
1365 3490 1529 3539 quam
1568 3474 1715 3539 quod
1755 3474 1961 3539 absque
2002 3473 2248 3539 peccatis

397 3552 467 3600 sit
491 3569 501 3612 ;
542 3560 598 3603 et
628 3559 759 3603 tunc
788 3554 912 3619 quia
939 3571 1011 3603 ex
1040 3553 1270 3603 infantia
1307 3553 1554 3603 initiatus
1582 3559 1667 3602 est
1706 3552 1759 3601 in
1800 3551 2010 3602 cultum
2040 3550 2160 3609 Dei,
2189 3558 2247 3600 et

398 3644 470 3678 ex
493 3627 744 3680 doctrina
763 3630 1050 3680 Ecclesiae
1070 3632 1224 3681 novit
1246 3629 1394 3696 quod
1417 3636 1679 3695 peccator
1701 3629 1770 3679 sit
1794 3646 1825 3678 a
1846 3629 2021 3693 prima
2037 3627 2247 3693 origine

399 3714 455 3757 et
485 3707 610 3757 dein
639 3725 669 3758 a
698 3709 1009 3769 nativitate,
1039 3709 1230 3773 incipit
1259 3706 1510 3758 confiteri
1538 3706 1684 3773 quod
1714 3715 1977 3772 peccator
2003 3705 2107 3767 sit;
2148 3703 2247 3755 sed
