2496 4250
458 401 527 456 54
994 403 1076 443 DE
1115 403 1287 444 NOVA
1330 403 1785 445 HIEROSOLYMA

544 540 693 658 guod
717 540 914 586 affecstio
940 542 1003 586 sit
1025 542 1314 586 continuum
1341 542 1522 587 amoris
1540 544 1615 598 (n.
1641 543 1788 600 3938).

594 601 691 644 uod
727 614 873 644 omne
912 601 1198 657 jucundum,
1233 601 1425 657 volupe,
1460 601 1692 652 faustum,
1727 601 1855 653 felix,
1883 610 1932 646 et
1967 615 2114 646 omne
2147 602 2310 648 cordis

455 658 704 715 gaudium,
728 660 826 702 sint
852 659 1055 709 amoris;
1097 667 1147 702 et
1179 659 1321 715 quale
1355 673 1524 703 eorum
1557 661 1825 704 secundum
1860 661 2002 717 quale
2029 661 2209 705 amoris
2244 662 2309 715 (n.

423 818 434 829 ‚
458 727 692 876 92433393&
703 717 988 831 {gorgenera
1009 783 1059 818 et
1075 775 1261 841 species
1283 775 1647 831 jucunditatum
1666 784 1716 820 et
1731 777 2042 833 voluptatum
2060 776 2172 827 sint,
2187 784 2311 833 quot

454 846 484 876 a
523 847 548 876 e

605 847 770 876 1onum
795 847 918 889 quae
941 833 1120 876 amoris
1147 835 1210 887 (n.
1233 845 1330 888 994,
1355 843 1453 888 995,
1478 834 1626 888 2204).

590 892 687 934 uod
709 891 981 947 jucundum
999 891 1179 934 amoris
1203 905 1262 934 eo
1279 892 1423 935 vilius
1438 892 1514 942 sit,
1531 906 1630 948 quo
1653 892 1807 949 magis
1822 900 2080 936 externum
2103 894 2167 948 (n.
2187 892 2308 948 996).

591 950 689 992 uod
725 949 912 992 homini
941 957 1053 1006 post
1090 958 1299 993 mortem
1342 950 1453 993 talis
1489 950 1593 993 vita
1628 950 1706 1001 sit,
1733 951 1889 1008 qualis
1927 951 2033 1008 ejus
2069 964 2208 994 amor
2244 951 2309 1006 (n.

456 1007 613 1063 2364[?
638 1008 806 1063 2363D

541 1107 650 1164 63.
695 1106 842 1150 Plura
876 1107 937 1150 de
969 1120 1135 1150 amore
1160 1114 1208 1150 et
1240 1107 1345 1164 ejus
1375 1107 1588 1151 essentia
1621 1115 1672 1151 et
1699 1107 1844 1164 quali,
1867 1107 1979 1152 sciri
2011 1116 2217 1164 possunt
2250 1121 2311 1152 ex

455 1173 549 1216 illis
576 1187 700 1230 quae
732 1187 878 1230 supra
903 1172 1035 1216 ditf’ta
1066 1181 1115 1216 et
1140 1174 1286 1216 allata
1311 1182 1427 1217 sunt
1459 1174 1521 1217 de
1556 1173 1697 1217 Bono
1723 1181 1774 1217 et
1800 1174 1959 1218 Vero:
1995 1182 2101 1217 tum
2129 1188 2188 1218 ex
2215 1174 2329 1232 illis·

453 1253 579 1296 quae
605 1253 751 1296 supra
778 1238 909 1283 dicta
934 1248 985 1283 et
1009 1240 1154 1283 allata
1179 1247 1294 1284 sunt
1321 1240 1381 1283 de
1404 1239 1674 1283 Voluntate
1701 1249 1750 1283 et
1778 1239 2063 1284 IntelleClu:
2095 1248 2150 1284 ut
2175 1248 2225 1284 et
2250 1254 2311 1284 ex

454 1308 547 1351 illis
562 1321 686 1364 quae
702 1305 834 1350 dicta
848 1316 897 1350 et
910 1307 1056 1350 allata
1070 1315 1183 1350 sunt
1200 1307 1260 1350 de
1281 1306 1482 1350 Interno
1499 1315 1548 1350 et
1566 1307 1781 1350 Externo
1799 1306 2015 1350 Homine
2033 1320 2043 1350 ε
2075 1307 2308 1364 quoniam

453 1374 621 1418 omnia
645 1387 771 1430 quae
797 1374 977 1417 amoris
1009 1382 1137 1423 sunt,
1166 1387 1223 1416 se·
1251 1372 1468 1416 referunt
1493 1373 1555 1416 ad
1582 1374 1712 1417 bona
1738 1381 1787 1417 et
1812 1374 1873 1416 ad
1902 1374 2055 1424 mala:
2087 1374 2312 1418 similiter

454 1440 621 1484 omnia
656 1453 781 1496 quae
815 1448 931 1483 sunt
968 1440 1119 1496 ipsius
1140 1440 1437 1490 voluntatis;
1475 1448 1525 1483 et
1560 1439 1793 1496 quoniam
1828 1440 1929 1483 bini
1964 1453 2156 1484 amores
2189 1440 2311 1484 caeli

451 1508 678 1564 aperiunt
703 1514 753 1550 et
775 1506 989 1550 formant
1012 1507 1258 1550 internum
1281 1506 1583 1562 spiritualem
1607 1506 1885 1557 hominem;
1918 1514 1969 1550 at
1990 1506 2093 1550 bini
2115 1520 2309 1551 amores

456 1573 630 1617 inferni
671 1574 908 1617 claudunt
949 1581 998 1617 et
1035 1574 1295 1616 destruunt
1333 1573 1484 1617 illum.
1549 1573 1670 1616 Inde
1713 1582 1920 1630 possunt
1956 1573 2311 1630 applicationes

455 1641 572 1692 fieri,
596 1649 644 1685 et
668 1640 1023 1690 conclusiones,
1047 1640 1203 1696 qualis
1226 1648 1301 1683 est
1323 1653 1462 1683 amor
1482 1639 1530 1683 in
1553 1653 1732 1697 genere
1754 1647 1803 1683 et
1827 1640 1875 1683 in
1899 1640 2076 1697 specie.

544 1741 653 1798 64.
699 1739 754 1782 In
782 1753 928 1796 opere
950 1740 1024 1783 De
1049 1740 1185 1782 Caelo
1207 1744 1252 1782 et
1275 1740 1477 1797 Inferna
1501 1739 1649 1783 etiam
1673 1739 1734 1782 de
1756 1739 2005 1783 amoribus
2026 1738 2190 1783 actum
2213 1747 2312 1790 est:

455 1812 644 1855 nempe,
669 1799 801 1855 quod
830 1798 1065 1841 Divinum
1095 1798 1297 1841 Domini
1331 1798 1380 1841 in
1407 1797 1554 1842 caelis
1579 1798 1644 1842 sit
1669 1811 1809 1842 amor
1830 1798 1879 1841 in
1909 1797 2075 1855 Ipsum
2097 1806 2147 1842 et
2172 1811 2312 1842 amor

456 1871 571 1914 erga
594 1857 871 1913 proximum
898 1857 961 1911 (n.
983 1869 1064 1923 ¹.3'
1071 1858 1156 1911 19).

544 1914 690 1981 Quod
714 1928 899 1965 omnes,
922 1915 1006 1970 qui
1034 1914 1080 1956 in
1107 1914 1308 1958 infernis
1331 1922 1459 1966 sunt,
1484 1914 1533 1957 in
1565 1914 1705 1958 malis
1731 1922 1780 1958 et
1808 1914 1922 1958 inde
1953 1913 2088 1958 falsis
2120 1914 2216 1959 sint
2250 1927 2311 1959 ex

456 1973 705 2018 amoribus
728 1973 802 2016 sui
826 1981 875 2016 et
898 1973 1068 2015 mundi
1096 1974 1160 2028 (n.
1188 1983 1299 2028 551—
1271 1973 1423 2028 -565).

546 2032 743 2089 QuodJ
734 2031 944 2074 ucunda
975 2032 1154 2074 amoris
1193 2031 1409 2088 quusvis
1447 2030 1495 2074 in
1528 2031 1681 2075 altera
1704 2030 1808 2075 vita
1831 2038 2088 2075 vertantur
2123 2031 2173 2075 in
2204 2043 2312 2076 cor-

455 2046 802 2147 respondentia
828 2090 893 2145 (n.
915 2089 1154 2145 485—490).

543 2147 691 2207 Quod
714 2148 846 2193 calor
867 2148 1166 2205 spiritualis
1156 2162 1205 2192 1n
1227 2162 1315 2193 sua
1331 2147 1544 2193 essentia
1565 2148 1628 2193 sit
1650 2161 1788 2193 amor
1815 2148 1880 2205 (n.
1903 2147 2137 2205 133-140).
