2496 4250
519 448 598 487 ET
639 447 777 501 EJUS
818 447 1146 487 DOCTRINA
1186 447 1641 488 CAELEST1.—N.
1672 436 1788 501 258.
1989 447 2082 500 145

311 588 458 648 Quod
481 589 609 646 apud
634 589 866 645 antiquos
890 588 1037 631 fuerit
1064 587 1290 631 doetrina
1312 588 1494 631 amoris
1518 588 1565 630 in
1596 587 1865 630 Dominum
1895 595 1944 630 et
1971 587 2085 630 cha-

223 647 351 694 itatis
381 662 496 706 erga
522 648 814 705 proximum,
838 656 887 690 et
913 647 1047 703 quod
1082 645 1308 690 doctrina
1334 647 1446 690 fidei
1471 646 1780 690 inserviverit
1804 646 1847 688 ei
1869 647 1933 701 (n.
1960 656 2086 698 2417,

223 718 350 763 3419,
373 707 502 760 4844,
524 707 675 762 4955).

311 804 458 864 Quod
491 804 716 849 doctrina
743 819 830 861 per
852 805 1148 848 illustratum
1174 803 1303 848 faeta
1329 814 1501 862 postea
1525 819 1610 862 per
1633 805 1891 848 rationalia
1913 804 2089 848 confir-

223 865 343 907 mari
365 864 534 921 possit,
557 872 607 907 et
630 864 763 920 quod
787 864 856 906 sic
880 864 1072 920 plenius
1092 864 1406 921 intelligatur,
1426 873 1475 907 et
1498 865 1633 920 quod
1658 865 2004 907 corroboretur
2023 865 2088 918 (n.

224 933 349 979 2553,
374 933 499 978 2719,
525 934 651 976 2720,
676 933 802 978 3052,
828 935 954 978 3310,
977 922 1122 976 6047:
1152 928 1268 974 plura
1285 929 1335 964 de
1352 928 1428 964 hac
1446 939 1488 964 re
1505 929 1715 964 videantur
1732 938 1862 974 supra,
1882 939 1921 965 n.
1949 924 2036 978 51').

311 980 459 1039 Quod
484 981 550 1024 illi
574 981 657 1038 qui
683 981 730 1023 in
755 981 852 1024 fide
874 989 1098 1037 separata
1121 995 1149 1024 a
1172 982 1414 1025 charitate
1437 990 1566 1031 sunt,
1588 982 1743 1024 velint
1766 990 1820 1024 ut
1845 981 2091 1024 doeh-ina-

220 1040 287 1084 lia
308 1040 542 1084 ecclesiae
568 1039 860 1097 simpliciter
880 1041 1146 1083 credantur
1169 1042 1352 1097 absque
1380 1041 1546 1097 aliqua
1573 1041 1839 1083 intuitione
1863 1040 2089 1084 rationali

225 1101 289 1154 (τι.
318 1099 466 1155 3394)-

311 1182 458 1241 Quod
481 1182 771 1227 confirmare
795 1184 976 1240 dogma
999 1196 1097 1226 non
1122 1183 1359 1239 sapientis
1382 1183 1459 1233 sit,
1484 1183 1569 1226 sed
1592 1183 1759 1226 videre
1783 1197 1900 1225 num
1919 1197 2089 1226 verum

222 1242 286 1286 sit
307 1250 572 1299 antequam
595 1242 937 1291 confirmatur;
965 1250 1014 1286 et
1036 1243 1170 1298 quod
1197 1242 1292 1285 hoc
1315 1242 1400 1285 fiat
1417 1243 1548 1298 apud
1573 1242 1682 1285 illos
1700 1243 1782 1298 qui
1808 1242 1855 1284 in
1881 1242 2091 1285 illustra-

222 1301 359 1345 tione
385 1309 500 1344 sunt
526 1302 590 1356 (n.
619 1311 742 1354 1017,
765 1312 895 1354 4741,
926 1312 1052 1354 7012,
1078 1301 1204 1354 7680,
1231 1301 1380 1356 7950).

311 1359 457 1418 Quod
491 1360 574 1402 lux
596 1359 987 1403 confirmationis
1013 1360 1077 1403 sit
1104 1360 1186 1402 lux
1211 1359 1458 1410 naturalis,
1485 1373 1584 1403 non
1609 1359 1889 1416 spiritualis,
1915 1359 2091 1402 dabilis

224 1418 373 1463 etiam
396 1419 525 1474 apud
551 1419 706 1462 malos
734 1419 799 1474 (n.
823 1419 974 1474 8780).

312 1475 460 1535 Quod
488 1477 656 1521 omnia
687 1477 837 1520 etiarn
865 1477 988 1520 falsa
1009 1477 1290 1521 confirmari
1323 1477 1528 1534 possint,
1553 1491 1708 1534 usque
1741 1486 1796 1520 ut
1822 1486 2091 1533 appareant

222 1535 352 1580 sicut
373 1549 490 1579 vera
513 1537 578 1591 (n.
604 1535 761 1591 2482[?
787 1536 933 1591 2480]‚
962 1548 1088 1591 2490,
1116 1547 1240 1592 5033,
1264 1537 1392 1592 6865,
1418 1536 1568 1592 8521).

222 1671 367 1729 258.
407 1671 548 1728 Quod
558 1673 610 1713 z'n
637 1671 780 1714 Verbo
796 1671 966 1713 Sensus
981 1672 1258 1727 spiritualis
1273 1674 1338 1714 sit
1354 1674 1444 1727 qui
1454 1677 1655 1714 vocatur
1671 1660 1842 1714 Sensus
1857 1674 2091 1715 internus.

312 1759 459 1818 Quod
498 1774 646 1804 nemo
678 1760 802 1804 scire
845 1761 1002 1816 possit
1035 1761 1154 1817 quid
1187 1774 1361 1804 sensus
1395 1761 1616 1804 internus
1649 1761 1813 1811 Verbi,
1843 1761 1934 1804 nisi
1969 1761 2092 1804 sciat

223 1819 342 1877 quid
366 1820 805 1875 correspondentia
831 1821 894 1875 (n.
920 1819 1046 1874 2895,
1065 1820 1217 1875 4322).

313 1877 460 1936 Quod
484 1878 653 1922 omnia
674 1886 724 1922 et
745 1878 954 1935 singula,
978 1892 1133 1934 usque
1155 1879 1216 1921 ad
1241 1878 1640 1935 singularissima,
1659 1892 1783 1934 quae
1808 1878 1856 1921 in
1881 1879 2090 1921 naturali

225 1937 412 1980 mundo
438 1945 567 1987 sunt,
591 1938 1009 1993 correspondeant
1031 1937 1380 1993 spiritualibus,
1400 1945 1450 1980 et
1473 1938 1587 1980 inde
1614 1937 1894 1994 significent
1919 1938 2000 1980 illa
2025 1939 2090 1992 (n.

225 1995 529 2051 2890-2893[?
557 1996 848 2051 1886—1889]‚
875 1995 1031 2051 2897[?
1057 1996 1350 2051 2987l—3oo3,
1377 1996 1673 2051 3213-3227).
2051 2043 2064 2063 θ

313 2053 460 2112 Quod
494 2055 779 2110 spiritualia,
804 2055 982 2111 quibus
1015 2055 1407 2110 correspondent
1439 2055 1691 2103 naturalia,
1717 2055 1807 2098 sub
1840 2055 1935 2098 alia
1967 2054 2091 2098 facie

224 2121 494 2169 appareant
521 2113 570 2156 in
604 2114 828 2163 naturali,
852 2122 906 2156 ut
940 2127 1039 2156 non
1074 2113 1471 2156 internoscantur
1506 2114 1571 2169 (n.
1599 2113 1722 2167 1887,
1752 2113 1909 2169 2396[?
1944 2114 2089 2169 2395],

226 2171 375 2226 8920).

315 2229 462 2288 Quod
494 2230 575 2274 vix
613 2230 790 2286 aliquis
827 2230 976 2274 hodie
1014 2231 1137 2274 sciat
1169 2231 1370 2274 ubinam
1405 2230 1643 2273 Divinum
1683 2231 1730 2273 in
1765 2231 1943 2280 Verbo,
1978 2245 2089 2274 cum

224 2297 391 2332 tamen
416 2289 463 2332 in
491 2302 637 2333 sensu
665 2291 770 2346 ejus
796 2290 990 2333 interno
1017 2303 1103 2333 seu
1130 2289 1387 2346 spirituali,
1415 2289 1498 2346 qui
1523 2290 1672 2333 hodie
1691 2291 1824 2346 quod
1848 2290 1912 2333 sit
1936 2291 2092 2333 nesci-

224 2357 307 2392 tur
329 2348 394 2403 (n.
421 2347 576 2403 2980[?
601 2348 747 2404 2899],
771 2349 922 2404 4989).

314 2405 462 2464 Quod
506 2407 767 2464 mysticum
801 2407 949 2450 Verbi
994 2421 1092 2450 non
1137 2407 1268 2450 aliud
1313 2407 1377 2450 sit
1418 2421 1564 2464 quarn
1603 2408 1737 2463 quod
1775 2422 1947 2451 sensus
1986 2408 2091 2464 ejus

227 2465 448 2509 internus
469 2479 555 2509 seu
578 2466 844 2522 spiritualis
867 2466 1103 2516 continet,
1128 2466 1176 2508 in
1199 2480 1299 2523 quo
1321 2466 1484 2523 agitur
1506 2467 1567 2509 de
1592 2466 1822 2515 Domino,
1847 2467 1907 2509 de
1934 2466 2092 2522 Ipsius

226 2537 392 2582 regno,
416 2533 466 2567 et
488 2525 549 2568 de
571 2524 790 2575 ecclesia,
809 2533 858 2568 et
881 2539 980 2568 non
1005 2525 1066 2568 de
1090 2525 1392 2568 naturalibus
1419 2538 1544 2581 quae
1568 2524 1616 2567 in
1641 2526 1828 2568 mundo
1854 2528 1919 2577 (n.
1938 2527 2088 2580 4923).

316 2581 463 2640 Quod
486 2583 775 2640 prophetica
797 2584 1020 2640 plurimis
1044 2584 1092 2626 in
1116 2584 1237 2627 locis
1256 2597 1354 2626 non
1381 2584 1730 2640 intelligantur,
1750 2592 1799 2626 et
1821 2584 1891 2627 sic
1910 2585 2090 2627 nullius

227 2655 343 2685 usus
366 2642 478 2692 sint,
501 2643 685 2698 absque
709 2656 854 2686 sensu
879 2642 1074 2686 interno
1100 2644 1176 2697 (ab
1195 2643 1434 2698 exemplis,
1460 2657 1504 2685 n.
1530 2643 1656 2691 2608,
1681 2643 1807 2691 8020,
1834 2643 1983 2698 8398).

317 2699 454 2743 Sicut
471 2700 590 2757 quid
613 2701 919 2758 significatur
936 2715 1022 2758 per
1040 2708 1261 2758 “equum
1281 2702 1446 2744 album
1462 2701 1485 2715 ”
1503 2701 1550 2743 in
1568 2702 1861 2757 Apocalypsi
1874 2703 1938 2756 (n.
1965 2702 2090 2754 2760,

228 2759 364 2816 seq).

317 2817 449 2876 Quid
476 2831 562 2874 per
585 2818 786 2862 “claves
814 2819 949 2875 regni
983 2819 1229 2863 caelorum
1246 2819 1269 2833 ”
1295 2819 1445 2862 Petro
1478 2819 1618 2862 datas
1649 2818 1868 2875 (praefat.
1893 2819 1954 2861 ad
1989 2833 2091 2875 cap.

227 2876 340 2919 xxii.
367 2877 491 2927 Gen„
510 2891 555 2919 n.
579 2878 728 2932 9410).

317 2933 448 2992 Quid
468 2936 846 2992 per“carnem‚'’
863 2936 1234 2993 “sanguinem,”
1251 2942 1274 2958 ‘⁴
1291 2950 1467 2992 panem
1483 2936 1568 2979 ’'et
1584 2936 1791 2979 “vinum
1807 2937 1891 2978 ''in
1914 2935 2093 2979 Sancta

230 2991 376 3043 Cena,
400 3002 450 3037 et
472 2993 542 3037 sic
563 3007 652 3037 cur
672 3008 701 3037 a
724 2994 942 3038 Domino
967 2995 1193 3038 instituta
1211 3003 1286 3037 est
1313 2997 1375 3049 (n.
1400 2995 1549 3048 8682).

229 3110 259 3153 6
317 3050 465 3153 Qu6id6
477 3066 565 3108 per
587 3053 879 3110 ‘prophetica
902 3053 1072 3111 Jacobi
1101 3055 1162 3096 de
1190 3053 1300 3096 filiis
1327 3053 1428 3097 suis
1464 3056 1584 3110 (cap.
1603 3054 1718 3096 xlix.
1746 3054 1869 3103 Gen„
1894 3068 1939 3097 n.
1963 3053 2091 3108 6306,

319 3168 450 3226 Quid
475 3183 562 3225 per
583 3170 722 3226 plura
754 3171 1043 3227 prophetica
1075 3171 1135 3214 de
1177 3170 1378 3228 Jehuda
1403 3178 1451 3213 et
1479 3170 1671 3220 Israele,
1696 3185 1820 3227 quae
1854 3184 1953 3213 non
1977 3185 2089 3213 cum

230 3227 314 3270 illa
347 3235 496 3284 gente
527 3229 783 3285 quadrant,
812 3243 903 3272 nec
939 3229 1227 3272 coincidunt
1259 3230 1531 3272 secundum
1565 3243 1762 3272 sensum
1798 3229 1991 3272 litterae
2027 3232 2091 3284 (n.

229 3286 388 3341 6331[?
410 3286 560 3353 63331,
584 3287 712 3342 6361,
735 3288 1015 3354 64156438,
1034 3289 1184 3342 6444)-

321 3344 521 3388 Praeter
543 3359 800 3389 innumera
821 3347 916 3389 alia
939 3348 1004 3402 (n.
1030 3347 1178 3401 2608).

321 3442 395 3487 De
431 3457 577 3488 sensu
617 3444 810 3488 interno
847 3459 932 3489 seu
976 3445 1216 3502 spirituali
1240 3444 1389 3488 Verbi
1425 3445 1471 3487 in
1505 3459 1699 3489 summa
1728 3447 1791 3502 (n.
1822 3446 2091 3500 1767-1777‚

236 3501 549 3617 18699—133319)i.n
585 3562 812 3605 omnibus
844 3570 894 3605 et
926 3562 1130 3619 singulis
1154 3562 1304 3605 Verbi
1337 3562 1401 3605 sit
1427 3576 1598 3606 sensus
1626 3563 1847 3606 internus
1874 3564 1937 3619 (n.
1968 3576 2090 3619 1143,

237 3618 360 3674 1984,
386 3629 513 3686 21352
538 3631 663 3674 2333,
688 3630 814 3675 2395,
840 3631 966 3676 2495,
992 3621 1139 3687 2619)·
1318 3680 1326 3689 ‚
2023 3680 2031 3688 ,
2135 3665 2137 3667 .

322 3675 470 3734 Quod
503 3677 584 3720 111a
615 3692 714 3720 non
740 3687 1008 3735 appareant
1041 3693 1089 3721 ln
1123 3693 1268 3724 sensu
1295 3680 1500 3731 litterae,
1525 3680 1611 3724 sed
1635 3680 1772 3737 quod
1806 3694 1960 3737 usque
1993 3689 2096 3724 smt

234 3734 366 3778 intus
390 3735 439 3778 in
462 3749 521 3780 eo
546 3737 611 3792 (n.
634 3737 785 3791 4442).
