2496 4250
525 441 596 505 46
1054 452 1136 492 DE
1177 451 1349 492 NOVA
1391 451 1845 492 HIERosomMA

526 593 588 634 ab
614 592 830 649 antiquis
857 591 974 635 dicti
999 592 1180 637 fuerint
1207 599 1459 649 serpentes
1485 591 1673 635 arboris
1695 590 1928 635 scientiae
1958 591 2023 645 (n.
2047 599 2141 646 195,
2170 588 2263 645 196,
2291 599 2384 645 197,

526 651 655 707 6398,
678 652 806 707 6949,
836 652 1009 707 19313)-

618 765 772 808 Porro
795 765 1018 809 sensuale
1043 764 1270 814 hominis,
1294 771 1343 807 et
1361 763 1598 807 sensualis
1621 763 1784 813 homo,
1804 762 2096 806 describitur
2121 762 2186 818 (n.
2210 759 2386 817 10236).

530 823 592 867 Et
617 824 840 867 extensio
863 824 1099 867 sensualis
1122 823 1251 879 apud
1276 823 1527 866 hominem
1553 823 1618 878 (n.
1637 823 1786 877 9731).

617 922 763 980 Quod
797 924 1043 967 sensualia
1073 924 1250 968 ultimo
1281 924 1392 968 loco
1425 938 1530 968 esse
1562 925 1787 974 debeant,
1815 938 1914 967 non
1948 923 2134 980 primo:
2176 930 2227 966 et
2258 921 2393 978 quod

528 982 658 1038 apud
689 982 937 1025 hominem
964 982 1235 1038 sapientem
1264 991 1313 1026 et
1346 983 1701 1040 intelligentem
1731 983 1906 1025 ultimo
1933 983 2043 1026 loco
2070 982 2181 1030 sint,
2205 988 2256 1024 et
2281 981 2394 1024 sub-

526 1038 658 1096 jecta
686 1040 1021 1090 interioribus;
1064 1049 1115 1084 at
1147 1042 1280 1097 quod
1313 1042 1443 1097 apud
1478 1042 1728 1084 hominem
1758 1041 2070 1097 insipientem
2098 1040 2256 1096 primo
2283 1038 2394 1082 loco
2448 1067 2449 1072 ,

530 1098 641 1147 sint,
666 1107 714 1141 et
738 1099 1069 1150 dominantia;
1103 1100 1154 1142 hi
1177 1108 1292 1143 sunt
1316 1100 1398 1156 qui
1423 1100 1618 1156 proprie
1639 1109 1882 1143 vocantur
1903 1099 2152 1142 sensuales
2177 1099 2244 1153 (n.
2267 1106 2403 1153 5077,.

529 1167 654 1212 5125,
682 1157 805 1211 5128,
831 1157 979 1212 7645).

616 1214 666 1258 Si
699 1217 945 1259 sensualia
970 1216 1146 1260 ultimo
1172 1217 1283 1260 loco
1309 1225 1438 1266 sunt,
1463 1225 1512 1260 et
1539 1215 1760 1273 subjecta
1787 1215 2116 1264 interioribus,
2139 1214 2274 1271 quod
2307 1227 2395 1271 per

527 1273 608 1316 illa
629 1274 877 1330 aperiatur
896 1274 977 1318 via
999 1275 1072 1330 ad⁴
1086 1274 1402 1326 intellectum,
1421 1289 1478 1319 ac
1500 1275 1763 1318 elimentur
1785 1288 1899 1318 vera
1921 1287 2008 1330 per
2029 1273 2233 1317 modum
2251 1272 2392 1329 quasi

525 1331 842 1380 extractionis
867 1334 932 1388 (n.
960 1334 1106 1388 5580).

614 1443 761 1502 Quod
781 1445 1025 1488 sensualia
1049 1445 1129 1488 illa
1151 1445 1366 1489 hominis
1385 1446 1606 1502 proxime
1625 1453 1818 1489 exstent
1837 1444 2038 1494 mundo,
2056 1451 2106 1488 et
2127 1442 2395 1487 admittant

524 1516 650 1560 quae
674 1517 699 1546 e
723 1504 910 1546 mundo
934 1504 1137 1554 alluunt,
1162 1512 1211 1547 et
1237 1505 1375 1560 quasi
1400 1505 1614 1547 cribrent
1639 1505 1719 1547 illa
1744 1506 1808 1558 (n.
1832 1504 1982 1559 9726).

614 1561 760 1619 Quod
785 1570 1015 1606 externus
1039 1576 1123 1606 seu
1149 1563 1385 1606 naturalis
1409 1563 1560 1606 homo
1584 1577 1669 1619 per
1691 1562 1936 1606 sensualia
1962 1562 2043 1604 illa
2061 1559 2403 1604 communicet·

524 1633 636 1663 cum
664 1621 864 1670 mundo,
889 1628 938 1663 et
962 1634 1047 1677 per
1070 1621 1329 1664 rationalia
1351 1635 1462 1664 cum
1487 1623 1623 1664 caelo
1649 1623 1713 1676 (n.
1736 1623 1887 1676 4009),

614 1677 762 1736 Quod
786 1680 1031 1722 sensualia
1054 1679 1124 1722 sic
1143 1680 1518 1723 subministrent
1542 1681 1623 1723 illa
1645 1694 1770 1736 quae
1789 1679 2061 1723 inserviunt
2079 1676 2394 1721 interioribus

527 1737 743 1780 hominis
765 1738 829 1792 (n.
857 1747 981 1792 5077,
1010 1738 1156 1793 5081).

613 1795 759 1853 Quod
779 1796 877 1838 sint
895 1797 1139 1839 sensualia
1156 1796 1581 1840 subministrantia
1598 1797 1722 1854 parti
1749 1795 2065 1840 intellectuali
2083 1803 2133 1839 et
2155 1793 2394 1838 submini-

522 1854 730 1898 strantia
753 1855 878 1910 parti
901 1855 1208 1899 voluntariae
1233 1857 1298 1910 (n.
1325 1859 1472 1911 5077).

610 1967 772 2025 Quod,
801 1968 892 2012 nisi
921 1968 1160 2026 cogitatio
1192 1982 1221 2012 a
1253 1969 1561 2013 sensualibus
1588 1969 1820 2019 elevatur,
1848 1968 2001 2012 homo
2034 1981 2207 2025 parum
2234 1966 2394 2024 sapiat

524 2027 589 2080 (n.
617 2027 763 2081 5089).

610 2084 757 2201 guod
782 2085 977 2142 sapiens
1001 2085 1152 2129 homo
1177 2099 1324 2142 supra
1346 2086 1571 2130 sensuale
1595 2086 1781 2143 cogitet
1802 2087 1867 2140 (n.
1896 2085 2020 2141 5089,
2049 2085 2195 2141 5094).

660 2145 758 2187 uod
780 2145 944 2194 homo,
963 2158 1075 2187 cum
1095 2145 1335 2201 cogitatio
1354 2145 1459 2201 ejus
1478 2159 1624 2201 supra
1642 2145 1886 2188 sensualia
1903 2145 2136 2192 elevatur,
2157 2143 2206 2186 in
2225 2142 2408 2186 lumen-

520 2202 697 2245 clarius
733 2204 914 2253 veniat,
943 2212 992 2246 et
1029 2205 1230 2247 tandem
1273 2204 1322 2246 in
1360 2204 1519 2247 lucem
1553 2204 1813 2247 caelestem
1851 2205 1916 2258 (n.
1949 2203 2078 2258 6183,
2104 2202 2235 2258 6313,
2262 2202 2406 2257 6315„

520 2271 648 2316 9497,
673 2272 800 2316 9739,
825 2263 974 2316 9922).

603 2319 749 2377 Quod
778 2321 989 2364 elevatio
1016 2334 1166 2377 supra
1187 2321 1433 2364 sensualia
1465 2329 1514 2364 et
1545 2319 1778 2364 abductio
1811 2321 1872 2363 ab
1906 2320 2013 2371 illis,
2036 2317 2251 2376 antiquis
2273 2326 2394 2362 nota

520 2376 667 2421 fuerit
693 2380 757 2433 (n.
781 2379 932 2433 6313).

611 2436 762 2494 Quod
797 2438 948 2480 homo
975 2437 1150 2494 spiritu
1184 2451 1274 2482 suo
1300 2438 1468 2481 videre
1497 2437 1652 2494 possit
1684 2451 1807 2494 quae
1841 2437 1888 2480 in
1923 2437 2111 2480 mundo
2137 2435 2391 2493 spirituali,

521 2494 562 2538 si
591 2495 767 2538 abduci
798 2496 952 2552 possit
984 2510 1014 2539 a
1045 2497 1351 2540 sensualibus
1374 2510 1500 2553 quae
1528 2511 1587 2540 ex
1619 2510 1837 2552 corpore,
1862 2504 1912 2539 et
1943 2495 2122 2539 elevari
2156 2496 2204 2538 in
2231 2495 2390 2538 lucem

520 2554 641 2609 caeli
668 2568 696 2597 a
721 2554 936 2598 Domino
962 2557 1026 2608 (n.
1049 2556 1200 2610 4622).

609 2611 770 2667 Causa
788 2622 874 2662 est,
894 2613 1010 2670 quia
1027 2628 1126 2656 non
1150 2628 1328 2670 corpus
1347 2613 1510 2662 sentit,
1530 2614 1614 2656 sed
1635 2613 1834 2669 spiritus
1853 2612 2070 2656 hominis
2094 2611 2141 2655 in
2161 2624 2391 2668 corpore;

519 2679 569 2714 et
601 2680 841 2727 quantum
878 2672 924 2714 in
959 2686 1176 2728 corpore,
1211 2681 1406 2715 tantum
1439 2686 1599 2715 crasse
1638 2681 1687 2715 et
1724 2673 1943 2721 obscure,
1973 2671 2041 2714 ita
2079 2671 2126 2714 in
2160 2670 2390 2719 tenebris,

503 2731 698 2779 .sentit;
737 2739 977 2786 quantum
1011 2745 1111 2774 non
1146 2731 1194 2773 in
1228 2745 1446 2788 corpore,
1470 2739 1664 2774 tantum
1699 2731 1827 2774 clare
1860 2739 1909 2774 et
1943 2730 1991 2772 in
2024 2730 2132 2773 luce
2167 2731 2233 2785 (n.
2258 2729 2390 2782 4622,

517 2788 646 2841 6614,
669 2789 820 2844 6622).

609 2902 756 2961 Quod
781 2903 1012 2946 ultimum
1039 2902 1318 2947 intellectus
1346 2903 1410 2947 sit
1436 2903 1759 2947 scientificum
1785 2903 2022 2952 sensuale,
2046 2910 2095 2946 et
2121 2901 2255 2959 quod
2279 2901 2392 2944 ulti-

519 2975 655 3004 mum
680 2962 953 3005 voluntatis
977 2962 1040 3005 sit
1064 2962 1336 3019 jucundum
1363 2963 1587 3006 sensuale
1613 2963 1686 3015 (de
1707 2963 1888 3017 quibus,
1914 2976 1958 3004 n.
1981 2961 2131 3016 9996).

608 3018 748 3077 Quae
773 3020 1053 3064 differentia
1090 3021 1216 3064 inter
1247 3021 1494 3064 sensualia
1516 3021 1799 3064 communia
1830 3034 1942 3063 curn
1975 3019 2158 3070 bestiis,
2182 3027 2232 3063 et
2264 3018 2392 3062 inter

518 3079 764 3124 sensualia
789 3093 888 3122 non
913 3079 1198 3122 communia
1219 3093 1330 3122 cum
1356 3080 1448 3123 illis
1474 3082 1539 3133 (n.
1569 3080 1742 3134 10236).

610 3137 757 3195 Quod
778 3138 878 3181 sint
901 3138 1151 3181 sensuales
1170 3152 1268 3181 non
1289 3138 1417 3188 mali,
1437 3138 1552 3194 quia
1571 3138 1803 3181 interiora
1821 3151 1992 3181 eorum
2011 3150 2110 3180 non
2136 3135 2205 3180 ita
2225 3136 2392 3180 clausa

522 3205 664 3247 sunt;
699 3197 760 3240 de
784 3210 994 3253 quorum
1017 3205 1149 3240 statu
1175 3197 1222 3239 in
1247 3197 1400 3240 altera
1422 3197 1524 3240 vita
1549 3198 1613 3252 (n.
1637 3197 1788 3251 6311).

519 3346 618 3394 51.
662 3338 737 3380 De
761 3337 986 3452 {gz'enlz'zk
1007 3342 1052 3380 et
1077 3338 1446 3395 Cognitionibus,
1461 3340 1556 3394 per
1576 3351 1695 3393 quas
1717 3339 1937 3379 internus
1957 3335 2235 3393 spiritualis·
2257 3334 2391 3380 homo

751 3411 781 3438 a
819 3399 989 3441 erz'tur.

611 3493 757 3551 Quod
782 3494 1054 3538 scientifica
1075 3495 1304 3539 dicantur
1325 3509 1451 3552 quae
1475 3495 1522 3538 in
1547 3503 1750 3538 externo
1773 3508 1857 3538 seu
1882 3493 2090 3537 naturali
2114 3493 2323 3550 homine·
2338 3501 2389 3538 et

517 3552 624 3608 ejus
659 3553 895 3596 memoria
927 3562 1065 3603 sunt;
1109 3568 1208 3597 non
1242 3563 1406 3597 autem
1445 3567 1570 3610 quae
1610 3554 1657 3596 in
1698 3554 1891 3596 interno
1924 3566 2009 3596 seu
2042 3552 2285 3610 spirituali
2320 3554 2387 3608 (n.

518 3623 645 3665 3019,
673 3623 798 3665 3020,
825 3624 951 3678 3293t
978 3625 1105 3667 3309,
1128 3613 1257 3679 4967.
1282 3613 1412 3679 9918ζ
1435 3614 1584 3668 9922)-
1753 3670 1760 3678 ,
1938 3669 1946 3678 ,
1992 3669 2000 3678 ,
2095 3669 2104 3679 ,

607 3669 753 3727 Quod
779 3670 1062 3720 scientifica,
1087 3685 1204 3727 qu1a
1226 3681 1414 3715 externi
1443 3685 1527 3714 seu
1556 3671 1789 3714 naturalis
1813 3669 2043 3719 hommls,
2067 3677 2166 3714 sint
2192 3681 2384 3726 respec-

516 3727 618 3772 tive
634 3728 845 3778 servitia,
863 3729 1097 3785 quoniam
1114 3738 1344 3774 externus
1360 3743 1445 3774 seu
1465 3730 1697 3773 naturalis
1714 3729 1864 3772 homo
1881 3727 2035 3772 factus
2050 3736 2124 3772 est
2138 3736 2193 3771 ut
2206 3726 2386 3772 serviat
