2496 4250
478 420 572 470 128
1004 436 1086 475 DE
1127 436 1299 477 NOVA
1341 439 1800 482 HIEROSOLYMA

560 566 690 625 Quid
715 583 801 625 per
823 571 1112 616 “libamen''
1139 575 1201 628 (n.
1225 575 1353 630 4581,
1383 578 1556 632 10137).

558 626 689 693 Quid
715 641 799 683 per
822 635 846 650 “
862 630 976 679 sal,’'
999 633 1131 686 quod
1156 633 1303 676 etiarn
1327 635 1653 679 adhibebatur
1676 638 1740 691 (n.
1770 639 1942 693 10300).

558 684 688 741 Quid
709 700 795 741 per
810 688 1040 737 “altare,’'
1054 698 1103 732 et
1118 691 1284 734 omnia
1300 693 1406 748 ejus
1429 695 1492 747 (n.
1508 707 1605 749 921,
1624 706 1748 748 2777,
1766 698 1891 749 2784,
1908 698 1986 740 281
2000 710 2034 747 1,
2052 697 2177 749 2812,
2191 699 2320 755 4489,

468 743 746 852 33228935’
770 745 897 857 {39401
921 747 1047 859 93)88›
1073 749 1198 803 9389,
1222 760 1349 804 9714,
1374 752 1501 805 9726,
1524 753 1651 808 9963,
1669 755 1796 809 9964.
1820 755 2144 812 10028,10123,
2169 769 2321 813 10151,

588 833 624 850 ..,
654 814 764 854 1024
795 837 804 852 ,
834 816 1007 858 10344.

557 858 687 926 Quid
713 874 798 915 per
821 862 1021 918 “ignem
1045 864 1249 907 altaris”
1274 867 1339 921 (n.
1363 879 1461 922 934,
1483 868 1611 923 6314,
1634 869 1784 925 6832).

555 917 689 1032 guni
714 932 799 974 per
822 926 846 941 “
862 923 1269 966 comessationem
1294 939 1353 967 ex
1375 926 1690 971 sanctificatis
1708 929 1731 942 ’'
1758 931 1821 983 (n.
1846 930 1971 983 2187,
1996 929 2145 986 8682).

604 977 702 1019 uod
736 978 971 1022 sacrificia
1002 994 1100 1023 non
1135 983 1366 1026 mandata
1397 984 1590 1035 fuerint,
1619 987 1703 1029 sed
1737 988 1951 1032 charitas
1982 997 2032 1032 et
2064 989 2210 1034 fides:
2252 989 2322 1034 ita

467 1035 599 1090 quod
625 1035 774 1078 modo
797 1038 1032 1092 permissa
1057 1041 1302 1093 (ostensum
1324 1056 1383 1083 ex
1419 1044 1572 1093 Verbo,
1596 1059 1641 1088 n.
1665 1057 1762 1100 922,
1788 1046 1936 1101 2180).

557 1091 657 1136 Cur
679 1095 914 1149 permissa
939 1098 1002 1151 (n.
1028 1098 1152 1148 2180,
1179 1099 1326 1153 2818).

555 1189 702 1248 Quod
729 1192 1018 1238 holocausta
1044 1204 1092 1239 et
1119 1197 1366 1247 sacrificia,
1395 1212 1520 1255 quae
1547 1199 1730 1250 fiebant
1756 1215 1815 1245 ex
1845 1203 1996 1260 agnis,
2023 1204 2194 1260 capris,
2216 1205 2321 1249 ovi·

466 1258 568 1307 bus,
594 1259 777 1310 haedis,
802 1260 961 1311 hircis,
994 1263 1229 1318 juvencis,
1254 1265 1423 1316 bobus,
1448 1280 1546 1310 una
1576 1281 1699 1311 voce
1731 1268 1863 1312 dicta
1894 1269 2076 1314 fuerint
2098 1277 2122 1294 ‘⁴
2138 1272 2320 1328 panis‚”

464 1333 690 1369 constare
713 1335 875 1383 potest
901 1342 960 1371 ex
983 1329 1058 1372 his
1082 1330 1201 1374 10015
1219 1344 1288 1374 ;-

541 1426 655 1483 Ι113““
669 1427 843 1463 adolebit
860 1430 1042 1466 sacerdos
1061 1441 1179 1477 super
1195 1432 1318 1474 altari,
1337 1433 1451 1479 panis
1469 1433 1578 1480 igniti
1595 1435 1773 1485 Jehovae
1785 1435 1806 1448 ”
1828 1435 1975 1483 (Levit.
1994 1437 2046 1474 iii.
2067 1448 2125 1481 11,
2147 1437 2236 1486 16);

540 1476 627 1512 F1111
646 1477 844 1534 Aharonis
863 1483 884 1496 ⁴¹
899 1480 1023 1515 5311611
1051 1487 1165 1516 erunt
1193 1482 1281 1518 Deo
1308 1494 1393 1525 suo,
1414 1495 1543 1530 neque
1569 1486 1835 1531 profanabunt
1859 1498 2007 1523 nomen
2034 1488 2110 1524 Dei
2136 1489 2208 1532 sui,
2227 1489 2322 1535 quia

663 1528 786 1573 ignita
797 1529 988 1577 jehovae,
1003 1542 1148 1576 panem
1165 1532 1239 1567 Dei
1254 1533 1326 1575 sui,
1339 1533 1392 1568 illi
1407 1534 1615 1570 offerentes
1619 1564 1733 1573 .....
1806 1537 2079 1574 83110111103ὒί5
2090 1538 2214 1582 illum,
2227 1539 2321 1585 quia

662 1589 808 1624 panem
832 1579 907 1615 Dei
928 1581 984 1616 tui
1006 1581 1070 1616 ille
1091 1581 1271 1619 offerens
1306 1611 1314 1619 .
1331 1611 1338 1619 .
1355 1612 1362 1620 .
1379 1612 1387 1619 .
1401 1584 1472 1619 Vir
1493 1585 1543 1620 de
1564 1586 1713 1621 semine
1727 1585 1748 1598 '⁹
1771 1587 1981 1630 Aharonis,
2005 1587 2081 1624 “in
2103 1599 2184 1634 quo
2205 1589 2320 1625 fuerit

663 1629 831 1671 macula,
844 1641 925 1665 non
939 1632 1100 1666 accedet
1114 1633 1166 1667 ad
1180 1632 1427 1669 offerendum
1441 1646 1586 1680 panem
1604 1636 1677 1671 Dei
1692 1636 1752 1672 sui
1766 1636 1786 1647 '¹
1805 1636 1953 1683 (Levit.
1966 1638 2044 1674 xxi.
2057 1638 2094 1681 6,
2108 1640 2142 1680 8,
2157 1649 2216 1684 17,
2229 1641 2295 1685 21)
2309 1651 2318 1682 ;

539 1679 561 1694 ‘⁴
579 1677 764 1725 Praecipe
791 1679 878 1715 filiis
906 1681 1071 1724 Israelis,
1099 1687 1138 1717 et
1165 1682 1272 1718 dicas
1298 1684 1350 1719 ad
1377 1695 1457 1727 005,
1487 1685 1740 1721 Oblationem
1768 1697 1911 1729 meam,
1932 1699 2078 1734 panem
2104 1699 2251 1732 meum,
2278 1689 2320 1725 in
2396 1726 2401 1732 ,

663 1728 785 1825 1(ςίῧί13
811 1731 943 1787 odoris
970 1731 1110 1776 quietis
1131 1733 1399 1776 observabitis,
1419 1739 1462 1770 ut
1489 1735 1661 1772 offeratis
1689 1736 1791 1772 Mihi
1818 1737 1858 1772 in
1884 1743 1986 1774 stato
2012 1743 2192 1785 tempore
2211 1738 2316 1775 su0’'

724 1791 801 1816 um.
821 1791 951 1818 xxvm.
973 1793 995 1816 2
1028 1793 1035 1800 ·

527 1833 607 1879 Qui
621 1818 790 1880 tetigerit
805 1781 1057 1868 immunddr’n
1072 1843 1154 1868 non
1169 1833 1353 1869 comedet
1367 1833 1417 1868 de
1431 1833 1684 1870 sanctificatis
1699 1847 1707 1878 ;
1736 1835 1807 1871 sed
1819 1835 1967 1871 lavabit
1981 1863 1990 1872 .
2007 1863 2017 1874 .
2033 1847 2191 1872 carnem
2208 1847 2321 1872 suam

652 1883 692 1919 in
711 1894 816 1929 aqua
821 1911 926 1926 .....
932 1886 954 1900 “
970 1889 1007 1918 01
1024 1888 1164 1929 postea
1178 1884 1361 1919 comedet
1380 1884 1430 1919 de
1448 1884 1686 1928 santificatis,
1702 1885 1796 1931 quia
1809 1886 1923 1932 panis
1937 1886 2021 1933 ejus
2038 1886 2151 1923 1100·Ι
2170 1886 2320 1935 (Levit.

528 1987 549 2001 “
568 1934 978 2031 Quixoxliflerfihzzhper
995 1983 1107 2019 altari
1126 1993 1217 2019 meo
1235 1994 1381 2030 panem
1399 1984 1598 2031 pollutum
1613 1984 1634 1996 “’
1657 1984 1850 2032 (Malach.
1873 1995 1906 2028 1,
1926 1983 1982 2033 7).

460 2076 585 2131 Inde'
605 2101 735 2130 nunc
757 2094 843 2137 est,
867 2087 1000 2143 quod
1028 2100 1174 2143 supra
1199 2088 1263 2143 (n.
1288 2086 1389 2140 214)
1416 2085 1600 2129 dictum
1625 2085 1701 2135 sit,
1725 2099 1915 2142 nempe,
1939 2083 2158 2128 “Sancta
2179 2083 2315 2128 Cena

458 2155 664 2198 includit
706 2163 756 2197 et
796 2153 1173 2210 comprehendit
1209 2167 1406 2196 omnem
1445 2153 1631 2196 cultum
1672 2152 1907 2195 Divinum
1945 2151 2225 2195 institutum
2263 2151 2313 2193 in

460 2221 678 2265 Ecclesia
712 2220 1004 2271 Israelitica;
1046 2220 1338 2263 holocausta
1364 2219 1494 2262 enim
1523 2227 1571 2262 et
1597 2219 1846 2268 sacrificia,
1875 2219 1923 2261 in
1949 2218 2127 2275 quibus
2152 2217 2314 2260 cultus

459 2288 586 2332 illius
605 2288 837 2331 ecclesiae
855 2287 1189 2344 principaliter
1205 2288 1476 2337 constabat,
1493 2300 1590 2329 una
1606 2300 1729 2329 voce
1747 2285 1878 2329 dicta
1894 2285 2092 2329 fuerunt
2110 2291 2120 2307 ‘
2135 2283 2275 2342 panis
2289 2283 2314 2334 ς’

459 2356 574 2398 inde
596 2355 744 2399 etiam
769 2354 949 2398 5311613
971 2354 1106 2398 Cena
1127 2361 1202 2397 est
1223 2354 1329 2410 ejus
1351 2353 1814 2409 complementum.”

549 2423 620 2465 Ex
642 2423 870 2466 omnibus
892 2422 968 2465 his
991 2435 1121 2464 nunc
1142 2421 1296 2464 videri
1321 2429 1484 2477 potest
1506 2420 1622 2477 quid
1647 2434 1733 2477 per
1750 2427 1963 2477 “panem
1978 2419 2003 2434 ''
2026 2418 2317 2476 intelligitur

458 2491 588 2547 apud
616 2490 883 2547 Johannem
897 2506 973 2532 :—

534 2591 556 2607 “
573 2588 682 2625 Dixit
695 2617 703 2625 .
717 2617 727 2625 .
739 2588 812 2624 illis
823 2587 951 2637 Jesus,
966 2587 1107 2630 Arnen,
1123 2598 1240 2623 amen
1253 2587 1342 2623 dieo
1354 2586 1477 2629 vobis,
1490 2597 1572 2623 non
1586 2587 1722 2622 Moses
1734 2585 1871 2622 dedit''
1884 2585 1958 2621 illis
1970 2588 2144 2632 “panem
2157 2595 2179 2620 e
2190 2583 2314 2626 03010,

658 2639 730 2674 5οᾱ
753 2639 869 2674 Ρ3101·
885 2649 997 2674 1110115
1015 2638 1083 2674 dat
1100 2638 1211 2673 vobis
1229 2648 1373 2684 panem
1392 2648 1414 2673 0
1432 2637 1543 2673 03010
1561 2647 1719 2680 verum;
1752 2636 1866 2683 panis
1883 2646 2057 2681 namque
2076 2635 2153 2671 Dei
2171 2640 2228 2670 aet
2246 2634 2315 2680 qui

652 2688 856 2723 descendit
871 2698 893 2722 e
908 2687 1031 2730 caelo,
1045 2692 1083 2722 et
1097 2687 1216 2722 vitam
1233 2687 1300 2722 dat
1314 2687 1479 2723 mundo.
1526 2687 1720 2722 Dixerunt
1737 2715 1745 2723 .
1764 2715 1772 2723 .
1790 2686 1864 2728 Illi,
1881 2713 1890 2723 .
1907 2713 1917 2723 .
1934 2714 1943 2722 .
1964 2685 2150 2729 Domine,
2163 2695 2320 2732 semper

652 2738 705 2774 da
718 2737 833 2773 nobis
847 2747 993 2784 panem
1007 2737 1127 2773 hunc.
1174 2736 1284 2772 Dixit
1300 2765 1308 2772 .
1326 2765 1334 2773 .
1349 2736 1423 2771 illis
1437 2737 1564 2783 Jesus,
1582 2737 1669 2782 Ego
1684 2747 1771 2772 sum
1785 2735 1899 2782 panis
1915 2735 2018 2771 vitae
2034 2747 2042 2779 ς
2065 2736 2133 2782 qui
2146 2735 2253 2771 venit
2265 2735 2319 2771 ad

661 2786 744 2829 Me,
763 2797 846 2822 non
864 2786 1018 2829 esuriet,
1038 2792 1077 2822 et
1095 2785 1163 2832 qui
1184 2786 1308 2823 credit
1328 2786 1368 2822 in
1392 2786 1475 2829 Me,
1491 2797 1573 2822 non
1593 2786 1695 2823 sitiet
1711 2797 1902 2834 unquam.
1931 2815 1941 2824 .
1959 2815 1967 2824 .
1985 2815 1994 2824 .
2011 2815 2020 2824 .
2037 2786 2116 2832 Qui
2134 2787 2258 2823 credit
2275 2787 2317 2823 in

662 2837 744 2878 Me,
763 2837 883 2872 habet
900 2836 1020 2872 vitam
1039 2842 1252 2874 aeternam.
1307 2837 1395 2883 Ego
1413 2847 1501 2872 sum
1519 2837 1632 2883 panis
1649 2837 1763 2873 vitae.
1793 2865 1802 2874 .
1820 2865 1828 2874 .
1846 2865 1855 2873 .
1872 2865 1881 2874 .
1899 2837 1979 2873 Hic
1998 2842 2056 2873 est
2072 2837 2185 2883 panis
2203 2837 2271 2883 qui
2293 2847 2317 2872 e

633 2901 637 2905 ·
659 2887 770 2922 caelo
785 2887 999 2929 descendit,
1012 2893 1056 2923 ut
1071 2887 1158 2932 quis
1176 2898 1225 2922 ex
1243 2898 1291 2922 eo
1307 2887 1479 2923 comedit
1492 2898 1574 2922 non
1589 2887 1788 2924 morietur.
1835 2887 1922 2933 Ego
1936 2897 2024 2922 sum
2042 2887 2154 2934 panis
2168 2886 2315 2928 vivens,

659 2937 727 2982 qui
749 2948 770 2972 e
792 2937 902 2972 caelo
924 2937 1148 2981 descendit;
1181 2937 1213 2973 si
1234 2937 1321 2983 quis
1342 2937 1558 2974 comederit
1578 2947 1628 2973 ex
1648 2937 1726 2973 hoc
1742 2948 1861 2983 pane,
1884 2937 1989 2972 vivet
2009 2937 2048 2973 in
2071 2942 2277 2973 aeternum
2291 2935 2313 2949 '⁸

662 2987 730 3034 (vi.
750 2996 887 3034 31-35,
907 2987 1063 3034 47-51)-

462 3098 534 3142 Ex
556 3098 632 3142 his
655 3107 704 3142 et
738 3098 830 3142 illis
858 3107 993 3155 patet
1018 3099 1151 3155 quod
1176 3098 1393 3155 “panis'’
1416 3099 1479 3142 sit
1505 3112 1652 3142 omne
1674 3099 1858 3143 bonum
1881 3100 2014 3156 quod
2039 3100 2262 3157 procedit
2287 3113 2317 3144 a

461 3165 692 3216 Domino,
721 3180 833 3209 nam
869 3166 978 3222 Ipse
1012 3166 1254 3209 Dominus
1287 3173 1362 3210 est
1395 3166 1442 3208 in
1476 3179 1566 3209 suo
1598 3167 1757 3209 bono:
1795 3165 1863 3208 ita
1894 3166 2027 3222 quod
2056 3165 2234 3222 “panis
2265 3173 2316 3209 et

458 3234 628 3276 vinum
647 3234 669 3248 '’
695 3233 742 3276 in
767 3232 946 3277 Sancta
968 3232 1102 3277 Cena
1124 3233 1222 3277 sint
1245 3233 1405 3277 omnis
1423 3234 1583 3276 cultus
1608 3232 1810 3276 Domini
1833 3246 1893 3276 ex
1914 3233 2046 3276 bono
2063 3231 2243 3276 amoris
2265 3239 2316 3275 et

462 3300 682 3413 fidegzz.
727 3367 820 3411 His
857 3367 1152 3423 adjicientur
1187 3367 1351 3423 aliqua
1386 3380 1447 3410 ex
1482 3367 1697 3409 Arc-anis
1736 3365 2018 3409 Caelestibus
2055 3365 2122 3421 (n.
2154 3363 2314 3420 9217[?

458 3435 610 3491 9127])
630 3447 700 3478 :—

547 3533 684 3592 “Qui
713 3535 772 3578 de
796 3548 940 3578 sensu
965 3534 1158 3578 interno
1181 3548 1265 3577 seu
1289 3532 1529 3589 spirituali
1553 3531 1701 3575 Verbi
1726 3531 1846 3574 nihil
1870 3531 2021 3580 novit,
2044 3544 2143 3575 non
2170 3530 2312 3574 aliter

457 3593 549 3638 scit
571 3605 717 3649 quam
737 3594 868 3649 quod
893 3602 980 3649 per
997 3600 1214 3636 ‘carnem
1234 3600 1284 3635 et
1301 3591 1613 3647 sanguinem'
1634 3591 1681 3632 in
1700 3590 1864 3633 Verbo
1883 3588 2183 3646 intelligatur
2197 3601 2311 3632 caro

457 3660 506 3695 et
538 3652 760 3708 sanguis;
798 3651 884 3695 sed
918 3651 966 3693 in
999 3665 1143 3694 sensu
1178 3651 1371 3693 interno
1402 3663 1487 3692 seu
1520 3648 1759 3704 spirituali
1794 3662 1891 3691 non
1925 3648 2086 3705 agitur
2116 3647 2178 3690 de
2208 3646 2312 3690 vita

456 3710 687 3767 corporis,
711 3710 796 3754 sed
823 3710 884 3753 de
906 3709 1007 3753 vita
1028 3708 1220 3753 animae
1243 3708 1470 3757 hominis,
1494 3707 1588 3750 hoc
1615 3714 1701 3757 est,
1721 3707 1782 3750 de
1804 3706 1906 3750 vita
1927 3705 2165 3763 spirituali
2188 3705 2309 3762 ejus,
