2496 4250
867 440 1289 480 CREAT10.—N.
1325 445 1406 498 23.
1995 457 2057 505 33

207 583 434 644 creatio,
477 600 575 650 per
619 599 783 650 quam
830 583 1144 634 universum
1196 582 1411 634 caelum
1463 600 1535 633 ex
1583 582 1798 648 angelis
1845 591 1901 633 et
1948 583 2063 633 uni-

207 680 368 714 versa
406 661 663 713 Ecclesia
701 679 774 712 ex
815 661 1131 712 hominibus
1164 662 1379 721 existit,
1414 662 1672 712 consistit
1706 669 1762 711 et
1796 662 2063 711 subsistit.

208 739 374 807 Quod
423 739 696 792 “creare”
741 741 794 790 id
841 739 1134 806 significet,
1183 757 1256 791 ex
1307 740 1391 790 his
1436 740 1489 791 in
1537 740 1730 790 Verbo
1776 740 2066 790 evidenter

208 827 365 886 patet
390 836 401 870 :

291 938 423 979 “Cor
442 939 654 978 mundum
677 951 777 979 crea
806 939 851 978 in
882 952 967 986 me,
994 939 1114 978 Deus
1134 951 1143 984 ;
1174 946 1217 978 et
1237 939 1438 990 spiritum
1461 939 1635 979 firmum
1658 940 1826 978 innova
1854 939 1898 978 in
1920 939 2066 979 medio

422 994 508 1032 mei
522 993 544 1008 ”
565 994 746 1043 (Psalm.
766 994 809 1033 li.
835 1003 882 1032 12
902 991 976 1046 [B.
998 995 1054 1033 A.
1078 991 1166 1045 10])
1186 1005 1194 1039 ;

292 1047 494 1098 “Aperis
526 1060 722 1095 manum,
756 1055 1010 1087 saturantur
1041 1049 1187 1095 bono;
1234 1078 1242 1088 .
1267 1078 1276 1087 .
1298 1079 1308 1088 .
1330 1079 1339 1088 .
1365 1049 1529 1087 emittis
1567 1049 1790 1099 Spiritum,
1825 1048 2066 1087 creantur'’

422 1101 604 1151 (Psalm.
629 1103 712 1143 civ.
734 1103 798 1150 28,
820 1102 901 1152 30).

291 1158 319 1175 ‘⁶
337 1155 531 1206 Populus
553 1157 624 1208 qui
646 1157 877 1203 creabitur,
902 1156 1097 1196 laudabit
1115 1155 1200 1208 Jah
1216 1155 1238 1171 '‘
1260 1154 1440 1206 (Psalm.
1462 1157 1531 1196 cii,
1559 1167 1608 1207 19
1631 1154 1707 1208 [B.
1728 1158 1783 1196 A.
1809 1157 1898 1209 18])
1916 1171 1925 1205 ;

291 1213 319 1229 “
335 1211 406 1251 Sic
426 1209 536 1251 dixit
563 1211 779 1263 Jehovah,
806 1210 990 1250 Creator
1020 1218 1134 1258 tuus,
1158 1210 1320 1262 Jacob;
1360 1210 1592 1250 Formator
1612 1219 1726 1258 tuus,
1754 1211 1917 1250 Israel:
1952 1242 1961 1251 .
1984 1242 1994 1251 .
2021 1242 2030 1251 .
2053 1242 2061 1250 .

429 1266 620 1306 Omnem
642 1273 845 1305 vocatum
876 1277 903 1304 a
932 1265 1113 1304 nomine
1143 1277 1257 1312 me0,
1283 1265 1328 1303 in
1358 1265 1546 1316 gloriam
1578 1278 1722 1304 meam
1755 1266 1898 1304 creavi
1928 1278 2028 1305 eum
2044 1265 2066 1280 ’'

420 1320 559 1369 (Esai.
579 1320 687 1360 xliii.
711 1330 747 1367 1,
770 1319 837 1369 7);

290 1376 319 1393 ⁴⁶
336 1374 397 1415 Ut
417 1376 610 1421 videant,
635 1381 922 1424 cognoscant,
947 1373 1178 1413 attendant
1198 1380 1242 1413 et
1262 1373 1525 1424 intelligant,
1551 1375 1667 1425 quod
1689 1387 1847 1414 manus
1868 1373 2066 1426 Jehovae

421 1430 575 1470 fecerit
595 1430 693 1476 hoc,
718 1436 762 1468 et
782 1426 971 1468 Sanctus
995 1428 1173 1468 Israelis
1194 1429 1408 1467 creaverit
1427 1429 1511 1468 hoc
1524 1427 1546 1443 ’'
1568 1429 1706 1478 (Esai.
1727 1429 1803 1468 xli.
1826 1426 1936 1478 zoffl)
1955 1441 1963 1475 ;

290 1483 387 1524 “In
418 1485 489 1524 die
510 1496 597 1535 quo
625 1491 796 1522 creatus
827 1496 889 1530 es,
915 1490 1177 1534 praeparata
1196 1490 1326 1530 sunt;
1362 1481 1584 1534 perfectus
1615 1491 1662 1522 tu
1692 1483 1735 1522 in
1767 1484 1850 1522 viis
1882 1484 1966 1522 tuis
1997 1481 2064 1522 affl

420 1539 490 1578 die
520 1551 606 1589 quo
636 1545 809 1577 creatus
839 1551 901 1584 es,
933 1538 1074 1577 donec
1104 1538 1287 1577 inventa
1315 1545 1382 1576 est
1411 1538 1678 1588 perversitas
1710 1538 1755 1576 in
1785 1545 1828 1577 te
1843 1537 1864 1552 ’'
1896 1537 2062 1586 (Ezech.

420 1593 571 1633 xxviii.
595 1603 658 1642 13,
682 1595 748 1641 15)
765 1605 773 1639 ;

204 1696 342 1748 haec
376 1695 446 1747 de
473 1712 606 1762 rege
637 1695 788 1761 Tyri.

289 1813 544 1868 “Jehovah,
587 1826 742 1853 creans
782 1814 944 1859 caelos,
967 1845 975 1854 .
1003 1845 1012 1853 .
1039 1845 1048 1854 .
1077 1845 1085 1854 .
1110 1814 1355 1854 extendens
1395 1822 1556 1854 terram
1564 1845 1700 1861 .....
1718 1815 1829 1855 dans
1869 1816 2063 1855 animam

420 1869 586 1919 populo
607 1881 740 1919 super
759 1868 870 1907 illa'’
892 1868 1030 1918 (ΕΛ-αι’.
1051 1870 1140 1908 xlii.
1165 1879 1212 1917 5,·
1243 1881 1338 1919 cap.
1360 1869 1448 1909 xlv.
1473 1880 1535 1916 12,
1561 1869 1653 1919 18),
1645 1882 1653 1890 ·

289 1923 446 1964 “Ecce
482 1923 578 1973 Ego
610 1935 765 1962 creans
800 1923 970 1962 caelum
1007 1936 1172 1962 novum
1209 1931 1253 1962 et
1287 1932 1449 1962 terram
1486 1936 1677 1971 novam;
1714 1955 1723 1964 .
1744 1955 1753 1964 .
1775 1955 1785 1964 .
1808 1924 2063 1964 ,laetamini
2103 1935 2105 1943 ⁴

485 2009 494 2018 .
517 2008 526 2018 .
553 1979 597 2016 in
633 1986 877 2025 aeternum,
917 1990 1027 2028 quae
1064 1978 1159 2028 Ego
1195 1990 1376 2022 creans:
1426 1990 1526 2017 ecce
1568 1978 1662 2029 Ego
1698 1987 1923 2018 creaturus
1964 1992 2061 2018 sum

422 2028 790 2082 Hierosolymam
812 2009 1167 2071 ex'ultationem’‘
1188 2032 1328 2081 (Esai.
1349 2033 1438 2072 lxv.
1468 2042 1530 2081 17,
1552 2034 1644 2082 18);

288 2087 715 2140 “Quemadmodum
751 2087 861 2125 caeli
896 2087 1000 2126 novi
1036 2094 1079 2126 et
1114 2095 1230 2126 terra
1266 2099 1396 2134 nova,
1431 2100 1544 2138 quae
1581 2087 1676 2138 Ego
1712 2086 1909 2126 {affiturus
1946 2101 2058 2129 sum,

420 2143 601 2183 stabunt
621 2153 770 2180 coram
794 2140 906 2180 Me’'
927 2140 1066 2190 (ΕΑ-αι’.
1089 2141 1193 2181 lxvi.
1216 2142 1312 2191 22)·
1304 2172 1312 2189 ,

287 2197 429 2237 “Vidi
459 2197 629 2237 caelum
661 2208 826 2234 novum
857 2202 901 2234 et
929 2203 1091 2234 terram
1123 2207 1314 2244 novam;
1358 2197 1478 2247 prius
1509 2197 1678 2235 caelum
1715 2203 1759 2236 et
1794 2197 1914 2247 prior
1944 2204 2061 2236 terra

419 2251 594 2292 transiit
607 2249 630 2265 ’¹
650 2250 705 2300 (A
702 2256 792 2302 poc.
813 2251 901 2290 xxi,
931 2250 967 2299 1)
987 2262 996 2297 ;

287 2305 484 2346 “Novos
518 2305 666 2344 caelos
700 2312 744 2344 et
778 2317 942 2343 novam
978 2312 1140 2343 terram
1176 2305 1417 2344 secundum
1458 2304 2063 2356 promissionem‘exspetsta-

418 2373 530 2408 mus,
555 2361 599 2399 in
621 2360 780 2410 quibus
799 2359 971 2409 justitia
989 2359 1204 2398 habitabit
1217 2358 1239 2374 ”
1261 2360 1301 2408 (2
1322 2361 1438 2400 Petr.
1459 2360 1518 2400 iii.
1543 2359 1622 2409 13).

203 2498 296 2549 Ex
323 2499 408 2550 his
429 2516 573 2550 nunc
596 2496 933 2566 patefactum
959 2499 1087 2565 quid
1115 2516 1212 2565 per
1233 2499 1369 2550 haec
1399 2500 1453 2549 in
1481 2500 1658 2566 primo
1684 2498 1764 2566 [et
1787 2500 2057 2567 secundo]

205 2577 464 2629 Geneseos
495 2575 788 2629 versibusffl
821 2578 1181 2645 spiritualiter
1213 2578 1560 2644 intelligitur,

285 2709 383 2749 “In
414 2710 630 2779 principio
660 2710 825 2749 creavit
861 2710 982 2750 Deus
1012 2710 1182 2750 caelum
1213 2718 1256 2749 et
1286 2718 1478 2757 terram:
1519 2718 1562 2749 et
1592 2719 1710 2750 terra
1738 2719 1831 2750 erat
1862 2719 1988 2750 vasta
2018 2720 2060 2750 ct

416 2777 563 2803 inanis
583 2776 592 2813 ;

199 2883 349 2949 quod
381 2890 530 2934 terra
562 2883 777 2934 dicatur
811 2887 1018 2934 “vasta
1057 2891 1113 2934 et
1152 2884 1328 2934 inanis
1345 2883 1368 2902 '’
1401 2883 1679 2949 significat
1712 2884 1859 2950 quod
1905 2882 2054 2950 [nec]

199 2959 424 3028 aliquod
462 2961 670 3012 bonum
711 2963 860 3013 vitae
900 2979 1002 3012 nec
1042 2978 1234 3012 verum
1274 2959 1606 3012 doctrinaeffl
1645 2963 1793 3028 apud
1835 2962 2057 3012 habita-

199 3045 351 3090 tores
402 3037 516 3104 ejus
566 3040 728 3091 fuerit
781 3041 1031 3107 amplius.
1110 3039 1276 3105 Quod
1326 3041 1612 3089 “vastitas
1664 3048 1721 3090 et
1774 3042 2015 3091 inanitas
2034 3040 2057 3060 ”

199 3115 475 3183 significet
514 3119 883 3184 privationem
916 3119 1148 3169 duorum
1189 3118 1407 3168 illorum
1442 3118 1821 3168 essentialium
1855 3118 2055 3169 Eccle-

198 3187 329 3256 siae,
363 3212 436 3246 ex
473 3195 623 3247 mille
663 3196 800 3247 locis
839 3214 870 3247 e
901 3196 1094 3247 Verbo
1134 3195 1550 3246 confirmabitur
1585 3197 1639 3245 in
1679 3195 1947 3247 lemmate
1985 3198 2054 3247 iv.

197 3270 355 3338 hujus
386 3273 700 3335 volumini5‚
735 3276 806 3326 de
845 3275 1104 3326 Ecclesia
1137 3274 1481 3336 Israelitica;
1540 3275 1594 3323 in
1635 3275 1917 3340 praesenti
1955 3292 2055 3341 pro

198 3349 380 3419 aliqua
412 3351 783 3404 illustratione
816 3354 1120 3404 inserviant
1160 3353 1298 3403 haec
1332 3353 1477 3419 apud
1510 3352 1815 3411 Jeremz’am
1835 3371 1856 3402 .-

283 3481 426 3522 “Vidi
454 3490 640 3531 terram,
658 3497 756 3524 cum
788 3498 889 3525 ecce
918 3497 1102 3524 vacuum
1134 3492 1178 3524 et
1206 3485 1367 3530 inane;
1398 3491 1441 3522 et
1463 3495 1615 3522 versus
1646 3482 1807 3530 caelos,
1833 3495 1931 3522 cum
1962 3497 2052 3523 non

413 3536 490 3575 lux
523 3551 764 3580 eorum..
787 3570 796 3580 .
818 3571 827 3580 .
850 3571 859 3580 .
924 3540 993 3579 Sic
1027 3539 1134 3578 dixit
1175 3537 1391 3600 Jehovah,
1443 3538 1638 3577 Vastitas
1673 3537 1756 3576 erit
1791 3544 1886 3576 tota
1918 3545 2050 3578 terra.

416 3589 602 3641 Propter
615 3593 713 3697 813oe
741 3594 907 3644 lugebit
938 3602 1065 3641 terra,
1090 3603 1133 3634 et
1163 3594 1292 3632 atrati
1323 3599 1453 3631 erunt
1473 3592 1582 3631 caeli
1607 3591 1832 3642 desuper”
1853 3590 1964 3643 (cap.
1990 3593 2047 3632 iv.

413 3653 479 3695 23,
500 3655 566 3694 27,
587 3656 611 3685 2
