2496 4250
522 450 600 490 ET
641 448 779 502 EJus
819 447 1148 488 DOCTmNA
1188 445 1643 486 CAELEST1.—-N.
1680 445 1790 498 170.
2005 445 2097 483 101
2159 418 2162 421 ⁴

323 591 471 650 Quod
499 592 682 635 malum
713 597 762 633 et
798 597 1055 646 peccatum
1084 588 1147 632 sit
1175 587 1421 644 separatio
1448 594 1497 630 et
1519 585 1711 630 aversio
1737 599 1765 628 a
1794 584 2024 634 Domino,
2052 592 2103 627 et

234 653 367 708 quod
394 651 440 694 id
466 664 551 707 per
574 656 598 672 ‘⁴
616 649 799 692 malurn
817 648 841 662 ’¹
864 655 915 691 et
938 654 963 669 “
980 656 1237 703 peccatum
1254 647 1277 660 ”
1302 645 1607 704 significetur
1625 645 1673 687 in
1697 644 1863 686 Verbo
1889 646 1953 698 (n.
1971 654 2103 698 4997,

238 722 364 765 5229,
393 721 517 764 5474,
544 708 669 763 5746,
697 706 853 762 5842[?
880 706 1024 761 5841],
1050 706 1209 761 9346);
1246 714 1353 748 tum
1382 705 1515 761 quod
1539 705 1602 748 sit
1628 712 1678 746 et
1704 702 2008 759 significetur
2028 715 2103 745 se-

235 769 425 825 paratio
447 777 498 810 et
520 766 711 810 aversio
732 779 762 808 a
783 766 916 808 bono
938 773 989 808 et
1010 777 1128 807 vero
1155 766 1219 818 (n.
1239 764 1388 819 7589).

328 827 474 884 Quod
502 826 566 869 sit
599 833 648 868 et
680 822 984 882 significetur
1009 823 1140 879 quod
1164 831 1339 866 contra
1364 821 1598 864 Divinum
1622 818 1845 862 ordinem
1877 818 1942 873 (n.
1972 817 2102 873 4839,

269 887 356 938 076
382 919 391 928 .

245 897 265 941 5
328 888 474 989 (guod
498 941 678 984 malum
701 940 765 984 sit
787 939 1042 983 damnatio
1064 947 1114 982 et
1138 938 1381 982 infernum
1410 940 1473 991 (n.
1499 947 1625 992 3513,
1648 936 1776 991 6279,
1800 935 1950 990 7155).

302 989 473 1103 8Quod
514 1014 613 1055 non
646 1000 828 1043 sciatur
859 999 975 1055 quid
1018 997 1278 1046 infernum,
1313 997 1404 1040 nisi
1444 997 1628 1039 sciatur
1658 995 1777 1051 quid
1811 995 1995 1036 malum
2034 995 2100 1049 (n.

278 1073 291 1102 1
336 1073 350 1102 1
383 1094 392 1103 .

243 1071 267 1114 7
328 1064 474 1176 duod
499 1117 626 1160 mala
642 1116 741 1160 sint
763 1115 900 1172 quasi
924 1114 1104 1172 gravia,
1127 1123 1177 1158 et
1209 1127 1268 1157 ex
1291 1128 1342 1157 se
1366 1114 1660 1156 delabantur
1692 1111 1740 1154 in
1770 1110 2030 1160 infernum,
2055 1118 2105 1152 et

240 1178 373 1234 quod
397 1189 594 1233 quoque
618 1175 737 1219 falsa
758 1189 819 1218 ex
841 1174 971 1217 malo
997 1175 1061 1228 (n.
1086 1174 1213 1228 8279,
1238 1173 1388 1227 8298).

329 1235 475 1294 Quod
501 1248 598 1278 non
621 1234 805 1278 sciatur
821 1232 940 1289 quid
965 1233 1162 1282 malum,
1180 1231 1272 1275 nisi
1296 1233 1479 1275 sciatur
1500 1230 1619 1287 quid
1637 1242 1776 1272 amor
1797 1227 1872 1272 sui
1894 1235 1945 1272 et
1967 1240 2107 1270 311101·

242 1294 412 1337 mundi
440 1295 503 1348 (n.
525 1303 654 1348 4997,
678 1292 805 1345 7178,
830 1290 987 1346 8317[?
1011 1291 1180 1345 8318]).
1878 1335 1880 1338 y

330 1352 476 1411 Quod
501 1366 560 1395 ex
585 1351 678 1394 illis
701 1350 950 1394 amoribus
973 1350 1073 1392 sint
1096 1349 1263 1392 omnia
1286 1349 1413 1391 mala
1439 1350 1503 1402 (n.
1533 1357 1655 1402 1307,
1682 1346 1803 1401 1308,
1834 1357 1956 1399 1321,
1980 1354 2104 1399 1594,

247 1411 369 1466 1691,
401 1423 527 1466 3413,
558 1420 685 1465 7255,
715 1409 841 1464 7376,
874 1408 1030 1464 74809
1061 1408 1209 1463 7488],
1244 1407 1401 1463 74889
1438 1406 1584 1461 74891,
1616 1405 1774 1460 89189
1802 1404 1949 1459 83181,
1976 1414 2105 1459 9335,

242 1470 371 1527 9348,
399 1469 552 1524 10038,
580 1470 754 1523 10742).

331 1568 478 1627 Quod
502 1568 726 1612 homines
748 1576 1069 1624 quotcunque
1092 1575 1220 1615 sunt,
1246 1573 1510 1609 nascantur
1543 1565 1590 1606 in
1627 1563 1755 1606 mala
1776 1562 1938 1606 omnis
1959 1575 2107 1619 gene-

244 1628 323 1679 ris,
346 1642 500 1685 usque
522 1628 647 1670 adeo
670 1637 724 1670 ut
747 1626 998 1683 proprium
1022 1639 1191 1668 eorum
1217 1639 1315 1668 non
1339 1626 1402 1668 sit
1428 1623 1518 1666 nisi
1542 1637 1688 1679 quam
1711 1623 1892 1664 malum
1919 1622 1983 1676 (ri.
2009 1633 2106 1669 210,

245 1697 342 1743 215,
377 1697 473 1742 731,
508 1686 723 1740 874—876‚
756 1685 854 1740 987,
888 1694 1010 1737 1047,
1046 1694 1172 1739 2307,
1209 1683 1334 1738 2308,
1372 1683 1496 1738 3518,
1523 1693 1649 1737 3701,
1675 1682 1801 1736 3812,
1827 1680 1953 1733 8480,
1978 1679 2106 1734 8550,

250 1746 402 1800 10283,
431 1745 582 1798 10284,
612 1745 785 1798 10731).

332 1803 648 1862 Quodhomo
667 1803 778 1846 ideo
797 1810 1078 1845 renascetur
1094 1815 1179 1845 seu
1204 1800 1585 1858 regenerabitur,
1608 1808 1660 1842 ut
1683 1799 1833 1842 vitam
1852 1797 1968 1840 boni
1988 1796 2108 1839 reci-

246 1864 347 1921 piat
372 1865 436 1918 (n.
460 1863 609 1918 3701).

334 1955 480 2014 Quod
515 1956 667 1999 homo
701 1963 859 1998 semet
896 1955 945 1996 in
980 1954 1224 1997 infernum
1259 1953 1504 2008 conjiciat,
1538 1966 1649 1995 cum
1683 1950 1800 1994 facit
1833 1950 2015 1993 malum
2049 1964 2110 1993 ex

246 2029 503 2063 consensu,
527 2014 640 2057 dein
664 2028 723 2057 ex
746 2013 1014 2070 proposito,
1037 2022 1087 2055 et
1110 2013 1309 2055 demum
1334 2026 1393 2054 ex
1415 2011 1636 2067 jucundo
1661 2012 1725 2065 (n.
1749 2009 1901 2064 6203).

337 2072 483 2132 Quod
508 2073 556 2115 in
580 2072 712 2116 falsis
728 2073 801 2116 sui
818 2072 931 2114 mali
955 2072 1066 2120 sint,
1085 2071 1169 2127 qui
1195 2071 1241 2112 in
1267 2071 1396 2113 malo
1418 2070 1548 2112 vitae
1568 2077 1695 2118 sunt,
1713 2068 1815 2111 sive
1839 2068 1933 2111 hoc
1951 2067 2110 2110 sciant

247 2133 350 2177 sive
374 2145 472 2175 non
496 2132 653 2175 sciant
679 2133 743 2186 (n.
768 2141 893 2185 7577,
919 2130 1075 2185 8064[?
1100 2130 1268 2184 8094]).

337 2190 484 2248 Quod
518 2190 707 2233 homini
739 2191 920 2232 malum
950 2202 1048 2231 non
1076 2187 1532 2244 [¹]appropriaretur,
1557 2186 1597 2230 si
1625 2186 1848 2229 crederet
1874 2185 2003 2228 sicut
2035 2198 2111 2228 res

249 2264 300 2294 se
324 2250 484 2299 habet,
500 2249 632 2306 quod
649 2262 795 2291 omne
811 2249 991 2290 malum
1008 2248 1071 2290 sit
1092 2248 1153 2289 ab
1170 2246 1374 2295 inferno,
1395 2255 1444 2288 et
1467 2258 1614 2288 omne
1632 2246 1817 2288 bonum
1841 2257 1870 2287 a
1894 2243 2111 2287 Domino

253 2311 319 2364 (n.
340 2318 472 2363 4151,
496 2309 624 2359 6206,
647 2307 775 2362 6324,
799 2307 950 2361 6325).

339 2366 485 2424 Quod
515 2367 562 2408 in
589 2366 742 2409 altera
762 2366 865 2408 vita
887 2365 1015 2408 mala
1037 2373 1383 2407 removeantur
1418 2377 1444 2406 a
1479 2362 1636 2412 bonis,
1660 2367 1710 2405 et
1744 2362 1875 2404 bona
1908 2374 1936 2404 a
1971 2361 2112 2403 malis

253 2428 318 2482 (n.
343 2425 492 2480 2256).

339 2484 497 2542 Quod·
514 2497 686 2526 omnes
714 2483 762 2525 in
788 2482 942 2525 altera
966 2482 1069 2525 vita
1096 2481 1412 2524 remittantur
1439 2481 1486 2522 in
1514 2493 1606 2523 sua
1632 2479 1878 2528 interiora,
1904 2478 1972 2520 ita
1997 2477 2111 2520 mali

253 2544 300 2586 in
325 2557 413 2586 sua
434 2543 560 2585 mala
585 2543 649 2598 (n.
674 2542 823 2596 8870).

341 2644 487 2703 Quod
522 2645 651 2687 malo
685 2644 800 2686 insit
827 2658 915 2687 sua
946 2657 1118 2700 poena,
1146 2652 1196 2687 et
1227 2645 1360 2686 bono
1392 2656 1480 2685 sua
1507 2641 1850 2688 remuneratio,
1880 2641 1927 2683 in
1965 2640 2116 2683 altera

253 2704 356 2747 vita
380 2706 444 2759 (n.
462 2704 561 2758 696,
584 2703 682 2758 967,
712 2702 863 2758 1057[Ρ
893 2703 1032 2757 1857],
1057 2703 1184 2757 6559,
1210 2702 1337 2754 8214,
1362 2702 1489 2756 8223,
1514 2701 1640 2750 8226,
1666 2699 1822 2755 9049[?
1846 2699 1995 2754 9048).

343 2762 489 2820 Quod
514 2763 665 2805 homo
689 2775 787 2804 non
811 2763 913 2804 luat·
937 2775 1147 2817 poenam
1176 2761 1222 2802 in
1247 2761 1399 2803 altera
1422 2761 1523 2802 vita
1547 2768 1748 2814 propter
1770 2759 1897 2800 mala
1923 2756 2115 2800 heredi-

254 2821 404 2932 ῐ311ἓ,)
415 2820 530 2878 quia
556 2834 655 2864 11011
678 2828 754 2863 est
781 2820 829 2862 in
857 2834 1025 2863 eorum
1054 2820 1208 2875 culpa,
1234 2820 1318 2862 sed
1348 2827 1549 2874 propter
1574 2816 1784 2860 36103113
1810 2830 1898 2859 sua
1927 2819 1990 2872 (n.
2014 2815 2114 2870 966,

258 2892 343 2935 230
375 2913 384 2922 .
949 2916 958 2917 -

344 2937 490 2995 Quod
525 2937 758 2980 interiora
783 2937 896 2979 mali
930 2937 1029 2980 sint
1055 2949 1231 2992 spurca
1263 2945 1312 2978 et
1341 2935 1498 2983 foeda,
1527 2943 1776 2990 utcunque
1803 2933 1944 2976 aliter
1968 2946 2116 2988 appa-

259 3005 368 3040 rent
392 2996 440 3038 in
463 3005 666 3040 externa
687 2995 845 3039 forma
870 2998 934 3051 (n.
959 2996 1107 3049 7046).

347 3095 493 3154 Quod
528 3096 707 3139 malum
741 3096 986 3138 tribuatur
1019 3095 1237 3138 Domino
1272 3095 1320 3137 in
1353 3095 1531 3143 Verbo,
1562 3108 1672 3137 cum
1707 3102 1873 3136 tamen
1906 3093 1967 3134 ab
2002 3091 2116 3147 Ipso

258 3155 379 3197 nihil
404 3155 495 3198 nisi
519 3169 664 3211 quam
688 3156 871 3198 bonum
899 3157 963 3210 (n.
988 3166 1114 3207 2447,
1137 3153 1295 3208 6073[?
1318 3154 1466 3208 6071],
1484 3152 1641 3208 6992[?
1664 3153 1811 3207 6991],
1836 3152 1964 3206 6997,
1988 3161 2116 3205 7533,

260 3214 388 3269 7632,
411 3214 538 3266 7677,
563 3213 688 3268 7926,
714 3214 839 3267 8227,
865 3213 990 3262 8228,
1016 3213 1142 3267 8632,
1167 3212 1316 3267 9306).

349 3271 584 3314 Similiter
607 3271 676 3314 ira
700 3274 764 3327 (n.
793 3272 915 3326 5798,
939 3272 1066 3326 6997,
1092 3271 1218 3323 8284,
1244 3270 1370 3324 8483,
1395 3269 1522 3324 9306,
1553 3270 1724 3323 10431).

350 3329 449 3373 Cur
476 3330 542 3373 ita
569 3330 617 3372 in
641 3330 806 3372 Verbo
834 3330 1014 3372 dicitur
1043 3331 1106 3385 (n.
1130 3328 1288 3383 6073[?
1311 3329 1459 3382 6071],
1482 3326 1640 3382 6992[?
1663 3327 1812 3381 6991],
1835 3326 1964 3380 6997,
1989 3325 2116 3380 7632,

261 3388 390 3444 7643,
413 3389 545 3455 7679,
563 3398 690 3441 7710,
715 3388 872 3443 79209
895 3389 1041 3442 70201,
1067 3388 1193 3436 8282,
1217 3386 1374 3452 00009
1398 3385 1717 3440 9101010128),

350 3445 811 3558 Quig6s3gnificatur
837 3461 921 3503 per
945 3453 1180 3502 “portare
1208 3444 1563 3500 iniquitatem,''
1587 3444 1667 3486 ubi
1702 3443 1763 3486 de
1798 3442 2015 3485 Domino
2051 3444 2117 3498 (n.

351 3561 496 3620 Quod
526 3562 770 3606 Dominus
791 3571 950 3606 vertat
984 3563 1163 3605 malurn
1200 3562 1247 3603 in
1280 3562 1465 3604 bonum
1498 3560 1627 3616 apud
1655 3560 1825 3608 bonos,
1854 3559 1938 3615 qui
1972 3558 2119 3602 infes-

262 3628 431 3664 tantur
451 3629 501 3663 et
522 3629 778 3664 tentantur
803 3623 866 3676 (n.
892 3622 1040 3676 8631).
1823 3627 1826 3629 ’

355 3678 648 3735 Relinquere
663 3679 852 3722 homini
868 3693 927 3723 ex
942 3693 1031 3723 suo
1046 3679 1199 3723 libero
1215 3677 1372 3722 facere
1389 3677 1584 3728 malum,
1600 3677 1734 3734 quod
1753 3677 1816 3720 sit
1834 3675 2119 3733 permittere

268 3736 332 3788 (n.
361 3737 504 3792 1778).
