2496 4250
684 465 984 518 QUATUOR
1025 466 1519 506 ECCLESIAE.——N.
1551 470 1595 521 3.
2008 469 2067 521 17

209 607 490 659 duntaxat
520 605 608 657 hic
642 606 936 667 adducam,
969 623 1110 673 quae
1141 614 1303 657 sunt:

293 731 322 749 ‘⁸
338 729 540 770 Pluviam
562 729 974 768 benevolentiarum
997 729 1164 768 stillare
1192 726 1361 777 facislss.
1380 760 1390 770 .
1406 761 1415 769 .
1435 730 1771 770 ,haereditatem
1794 729 2071 769 laborantem

425 792 546 823 tuam
561 783 844 822 confirmabis
861 795 870 830 ;
898 784 1040 822 bestia
1053 783 1075 798 ’'
1089 791 1242 823 coetus
1258 791 1358 823 tuus
1377 786 1386 802 ⁸
1396 786 1404 801 ‘
1418 784 1681 824 habitabunt
1697 784 1743 823 in
1761 785 1836 823 illa
1850 783 1871 798 '’
1887 783 2070 835 (Psalm.

425 837 561 878 lxviii.
587 848 650 883 10,
675 848 720 876 11
748 835 822 889 [B.
842 839 900 877 A.
922 850 960 888 9,
986 835 1098 889 1o]);

294 896 322 914 ‘⁴
339 894 450 935 Mihi
480 894 627 933 omnis
658 894 754 933 fera
774 894 940 944 sylvae,
966 891 1177 932 bestiae[²]
1199 894 1243 932 in
1266 894 1492 933 montibus
1514 895 1698 934 millium
1721 907 1729 941 ;
1761 896 1865 933 novi
1887 907 2067 934 omnem

424 961 552 988 avem
584 950 818 994 montium,
847 949 1015 987 bestiae
1045 960 1252 998 agrorum
1276 961 1477 988 meorum
1511 949 1725 988 Mecum”
1747 948 1930 1000 (psalm.
1952 950 1979 990 l.
2004 962 2067 997 10,

432 1005 522 1053 11);

293 1059 322 1076 “
338 1057 513 1098 Aschur
542 1058 699 1097 cedrus
730 1057 773 1096 in
812 1056 982 1095 Libano
1003 1068 1012 1102 ;
1036 1088 1044 1097 .
1068 1088 1077 1096 .
1101 1088 1109 1097 .
1133 1088 1142 1097 .
1167 1057 1258 1096 alta
1286 1055 1405 1096 {aaa
1434 1065 1502 1096 est
1531 1058 1719 1097 altitudo
1750 1057 1846 1108 ejus
1867 1070 1875 1103 :
1896 1089 1904 1098 .
1925 1089 1934 1098 .
1957 1090 1966 1099 .
1990 1090 1998 1098 .
2026 1061 2069 1098 in

424 1113 559 1152 ramis
589 1112 686 1163 ejus
718 1111 996 1151 nidificarunt
1027 1124 1184 1150 omnes
1214 1123 1321 1150 aves
1351 1112 1589 1158 caelorum,
1623 1120 1666 1151 et
1697 1114 1778 1151 sub
1810 1114 1944 1152 ramis
1974 1113 2071 1163 ejus

423 1174 691 1218 pepererunt
712 1178 870 1206 omnes
891 1166 1058 1205 bestiae
1079 1166 1187 1216 agri,
1214 1174 1257 1205 et
1278 1166 1323 1205 in
1344 1167 1501 1205 umbra
1521 1165 1617 1216 ejus
1639 1167 1893 1207 habitarunt
1914 1180 2071 1206 omnes

424 1230 580 1272 gentes
597 1234 787 1271 magnae
803 1220 825 1235 '’
842 1220 1010 1270 (Ezeclz.
1031 1222 1148 1260 xxxi.
1172 1231 1209 1269 3.
1233 1230 1268 1268 5,
1290 1221 1328 1267 6,
1354 1218 1466 1269 13[³];
1497 1221 1615 1260 Dan.
1638 1221 1693 1260 iv.
1718 1222 1865 1270 7—13);

289 1275 505 1316 “Feriam
525 1276 612 1316 illis
633 1275 790 1316 foedus
819 1275 864 1314 in
896 1275 967 1314 die
997 1275 1072 1313 illo
1094 1287 1192 1314 cum
1214 1275 1356 1314 bestia
1375 1275 1484 1325 agri,
1509 1283 1551 1313 et
1581 1287 1678 1314 cum
1711 1272 1796 1315 ave
1824 1276 2067 1324 caelorum,

424 1361 433 1371 .
457 1362 466 1371 .
489 1361 498 1371 .
521 1361 530 1371 .
551 1338 594 1370 et
614 1327 898 1381 desponsabo
920 1338 962 1369 te
986 1327 1143 1378 Mihiffl
1165 1330 1209 1368 in
1232 1338 1461 1368 aeternum
1479 1329 1500 1343 ”
1523 1329 1695 1379 (Hosclz.
1718 1331 1763 1370 ii.
1802 1331 1859 1378 18,
1885 1328 2017 1381 19[⁵]);

291 1384 488 1424 “Gaude
523 1392 568 1424 et
605 1385 797 1425 laetare:
823 1415 832 1424 .
856 1416 865 1424 .
888 1416 896 1424 .
919 1415 928 1424 .
955 1397 1010 1423 ne
1050 1385 1216 1430 timete,
1260 1383 1428 1423 bestiae
1467 1396 1675 1433 agrorum
1716 1397 1931 1431 meorum,
1971 1386 2071 1436 quia

399 1440 611 1479 herbosa
631 1437 750 1478 facta
769 1447 872 1478 sunt
892 1439 1141 1478 habitacula
1160 1439 1323 1478 deserti
1339 1437 1361 1452 '⁹
1382 1438 1503 1490 (Joel
1521 1439 1561 1478 ii.
1585 1449 1649 1485 21,
1671 1439 1794 1489 22[⁰l)
1814 1451 1822 1486 ;

290 1494 414 1539 “Tu,
449 1494 509 1533 fili
538 1494 747 1541 hominis,
772 1494 841 1533 dic
871 1494 942 1533 avi
973 1494 1121 1533 omnis
1145 1490 1286 1532 alaeffl
1308 1501 1351 1532 et
1378 1494 1501 1532 omni
1531 1494 1698 1532 bestiae
1729 1494 1836 1543 agri,
1873 1493 2070 1544 Congre-

423 1549 591 1600 gamini
619 1580 627 1589 .
650 1580 659 1588 .
682 1580 691 1589 .
714 1579 723 1589 .
748 1549 803 1587 ad
843 1548 1104 1587 sacrificium
1140 1560 1288 1587 meum
1313 1579 1321 1587 .
1345 1579 1353 1588 .
1376 1578 1385 1588 .
1406 1579 1414 1587 .
1441 1560 1574 1598 super
1609 1548 1834 1587 montibus
1876 1548 2067 1588 Israelis.

423 1634 432 1644 .
456 1634 465 1643 .
488 1634 497 1643 .
520 1634 529 1644 .
551 1603 621 1642 Sic
641 1604 756 1642 dabo
777 1603 965 1653 gloriam
987 1615 1133 1642 meam
1157 1603 1272 1641 inter
1291 1610 1449 1652 gentes
1464 1601 1485 1616 ”
1504 1603 1670 1650 (Ezech.
1689 1603 1837 1642 xxxix.
1862 1604 2009 1651 17-21)
2029 1615 2038 1645 t

289 1657 492 1698 “Hostis
523 1658 762 1708 opprobrio
784 1658 915 1696 afficit
942 1657 1175 1709 Jehovam.
1239 1657 1306 1696 Ne
1327 1658 1405 1696 des
1427 1658 1594 1696 bestiae
1625 1657 1821 1695 animam
1853 1658 2070 1696 turturis‘'

421 1711 603 1760 (Psalm.
625 1713 761 1752 lxxiv.
787 1714 848 1759 18,
874 1712 966 1762 19);

291 1768 319 1785 '¹
337 1766 557 1806 Dominus
579 1764 815 1820 Jehovihffl
838 1773 1081 1816 congregat
1103 1765 1313 1816 expulsos
1337 1765 1530 1806 Israelis.
1594 1765 1753 1805 Omnis
1782 1767 1926 1805 bestia
1945 1779 2071 1816 agro-

421 1834 518 1860 rum
541 1834 756 1868 meorum,
781 1821 929 1860 venite
945 1820 967 1835 ”
989 1821 1129 1869 (Esai.
1150 1821 1224 1860 lvi.
1247 1821 1284 1867 8,
1306 1820 1374 1870 9);

291 1875 523 1926 “Spiritus
553 1875 706 1928 Jesum
738 1876 972 1926 impellens
1007 1875 1111 1914 fecit
1146 1876 1265 1914 exire
1301 1875 1345 1913 in
1382 1875 1604 1914 desertum
1612 1905 1745 1922 .....
1765 1882 1809 1914 et
1841 1883 1935 1914 erat
1965 1887 2062 1914 cum

421 1931 588 1978 bestiis,
613 1938 658 1970 et
677 1931 825 1980 angeli
848 1930 1160 1969 ministrabant
1184 1930 1274 1980 Ipsi
1289 1929 1310 1943 ”
1332 1929 1490 1979 (Marc.
1511 1930 1537 1969 i.
1563 1939 1625 1976 12,
1650 1928 1741 1978 13);

206 2067 319 2102 non
359 2058 480 2102 erat
520 2067 647 2102 cum
686 2050 899 2110 bestiis,
935 2050 1034 2100 sed
1075 2066 1201 2100 cum
1235 2049 1489 2109 diabolis,
1526 2066 1652 2100 curn
1692 2049 1889 2116 quibus
1922 2067 2064 2115 pug-

205 2130 360 2180 navit
405 2136 472 2194 et>
514 2147 654 2196 quos
700 2128 1034 2195 subjugavit.
1105 2126 1385 2194 ,(Praeter
1432 2128 1584 2179 mille
1630 2128 1751 2178 aliis
1802 2129 1856 2178 in
1910 2128 2064 2183 locis,

205 2226 347 2276 quae
380 2209 564 2276 quoad
597 2217 816 2275 partem
850 2208 1026 2259 allata
1058 2216 1188 2258 sunt
1228 2209 1283 2258 in
1316 2207 1667 2273 Apocalypsi
1692 2206 1976 2267 Revelata,
2014 2223 2065 2256 n.

208 2287 349 2355 567.)
427 2288 725 2338 Praeterea
758 2295 955 2338 notum
988 2295 1075 2337 est
1115 2287 1264 2353 quod
1307 2287 1435 2353 Ipse
1470 2286 1745 2336 Dominus
1784 2287 1839 2335 in
1873 2285 2066 2336 Verbo

205 2367 423 2418 dicatur
465 2365 766 2432 “Agnu5,‘’
813 2374 870 2416 et
916 2383 1135 2432 quoque
1180 2365 1346 2416 “Leo
1369 2365 1409 2427 ;”
1467 2373 1587 2416 tum
1621 2365 1783 2431 quod
1830 2363 2067 2430 Spiritus

205 2443 444 2496 Sanctus
475 2453 933 2511 repraesentatus
974 2446 1046 2495 sit
1086 2445 1229 2494 sicut
1267 2443 1651 2506 “Columba;”
1705 2443 1853 2510 quod
1894 2443 2064 2492 etiam

205 2525 449 2586 cherubi‚
499 2542 596 2591 per
640 2542 779 2591 quos
831 2523 1082 2574 Verbum
1129 2525 1181 2574 in
1230 2523 1432 2574 literali
1484 2540 1649 2573 sensu
1702 2521 2063 2588 significatur,

205 2605 562 2671 apparuerint
609 2604 752 2653 sicut
796 2607 1081 2669 “quatuor
1130 2602 1394 2660 bestiae,''
1434 2602 1580 2668 apud
1625 2600 1962 2651 Ezechielem
2008 2607 2065 2650 et

205 2682 260 2737 iu
314 2681 694 2747 Apocalypsi:
751 2681 1010 2748 quodque
1067 2672 1239 2730 homo
1291 2679 1600 2740 Ecclesiae,
1659 2680 1750 2746 qui
1801 2680 2064 2745 agnoscit

208 2760 511 2810 Dominum
541 2769 600 2810 ut
635 2777 792 2809 suum
823 2759 1004 2809 Deum
1033 2767 1091 2809 et
1132 2759 1442 2817 Pastorem,
1472 2759 1690 2809 dicatur
1721 2759 1884 2808 “ovis
1906 2758 1947 2820 ;’'
1987 2768 2063 2815 et,

206 2837 327 2889 vic'e
358 2856 535 2899 versa,
571 2839 662 2905 qui
702 2855 814 2888 non
855 2839 1132 2903 agnoscit,
1170 2838 1387 2887 dicatur
1422 2836 1705 2895 “hircuS‚’'
1738 2844 1794 2886 et
1846 2854 2065 2903 quoque

210 2917 427 2967 “draco
449 2917 490 2980 ;”
530 2925 587 2968 et
615 2917 764 2983 quod
792 2916 950 2982 hujus
983 2925 1196 2976 coetus,
1222 2915 1477 2966 similiter
1499 2924 1558 2965 ut
1592 2915 1739 2981 apud
1761 2914 2062 2975 Danielem,

207 2994 555 3046 describatur
587 3012 685 3062 per

289 3112 486 3153 Bestiam
517 3126 573 3153 ex
603 3114 726 3161 mari,
761 3115 951 3153 similem
983 3115 1134 3165 pardo,
1171 3114 1295 3164 cujus
1326 3114 1460 3164 pedes
1491 3114 1616 3164 quasi
1646 3113 1750 3160 ursi,
1785 3121 1828 3152 et
1858 3126 1908 3152 os
1940 3114 2065 3164 quasi

423 3169 566 3207 leonis
587 3167 731 3220 (Apoc.
751 3169 841 3208 xiii.
864 3180 898 3214 Ι,
922 3170 975 3218 2).

209 3279 368 3332 Haec
415 3281 648 3333 trahunt
695 3283 968 3348 originem
1015 3301 1088 3333 ex
1135 3283 1344 3333 mundo
1391 3282 1678 3348 spirituali,
1727 3282 1817 3332 ubi
1869 3297 2064 3332 omnes

207 3357 530 3410 affectiones
580 3367 638 3411 et
688 3361 816 3411 inde
862 3362 1241 3426 cogitationes
1291 3360 1620 3425 angelorum
1667 3368 1723 3410 et
1775 3360 2064 3425 spirituum

208 3435 280 3487 ad
323 3436 651 3488 distantiam
692 3438 763 3488 ab
802 3438 908 3488 illis
952 3440 1222 3488 sistuntur
1261 3446 1321 3488 ut
1363 3439 1610 3500 bestiae;
1665 3455 1805 3503 quae
1845 3454 2063 3502 quoque

208 3523 482 3580 apparent
521 3515 576 3565 in
609 3515 773 3566 simili
801 3516 994 3575 forma,
1030 3533 1253 3582 prorsus
1292 3517 1347 3565 in
1381 3533 1487 3581 qua
1520 3516 1733 3565 bestiae
1766 3516 1820 3565 in
1854 3517 2063 3565 mundo

209 3592 480 3656 naturali3
534 3592 857 3645 affectiones
890 3596 1094 3645 amoris
1127 3595 1258 3644 boni
1291 3603 1351 3644 ut
1390 3594 1606 3644 bestiae
1639 3594 1804 3643 mites
1837 3601 1894 3644 et
1934 3611 2061 3643 usus

207 3668 356 3731 boni,
387 3679 446 3722 at
479 3670 800 3724 affectiones
829 3674 1032 3724 amoris
1061 3672 1191 3723 mali
1224 3680 1284 3723 ut
1316 3673 1531 3723 bestiae
1564 3673 1808 3722 immites
1841 3679 1898 3722 et
1931 3689 2059 3721 usus

210 3747 370 3799 mali:
412 3749 540 3800 inde
568 3759 655 3800 est
683 3751 830 3817 quod
860 3752 1030 3801 toties
1059 3752 1418 3800 nominentur
1443 3755 1472 3774 “
1490 3749 1742 3800 bestiae’'
1770 3751 1823 3799 in
1848 3749 2058 3806 Verb0‚
