2496 4250
522 381 602 422 ET
640 379 779 434 EJUS
818 376 1149 420 DOCTRINA
1187 373 1643 417 CAELESTI.-—N.
1679 371 2099 428 177.105

1083 765 1266 834 [xm]

696 976 816 1036 DE
877 971 1661 1035 REGENERATIONE.

1065 1182 1278 1199 f—

244 1282 274 1316 1
351 1298 368 1315 .

278 1282 348 1324 ⁷3
500 1325 584 1378 UI
619 1342 732 1376 non
765 1325 939 1377 vitam
971 1323 1319 1391 spiritualem
1348 1323 1570 1389 accipit,
1596 1321 1705 1373 hoc
1739 1329 1846 1382 est,
1872 1321 1964 1388 qui
1998 1338 2111 1371 non

546 1422 576 1456 e
605 1422 754 1455 novo
781 1411 1087 1470 generatur
1114 1421 1146 1454 a
1175 1403 1440 1463 Domin0‚
1472 1419 1584 1452 non
1615 1409 1809 1468 potest
1837 1402 2028 1452 venire
2057 1402 2111 1451 in

548 1483 800 1547 caelum;
843 1483 993 1550 quod
1022 1483 1192 1533 docet
1223 1483 1500 1532 Dominus
1529 1481 1678 1547 apud
1706 1480 2039 1540 Johannem,

559 1607 752 1654 “Amen‚
775 1619 918 1653 amen,
941 1606 1039 1644 dico
1061 1605 1152 1651 tibi,
1173 1605 1268 1644 Nisi
1292 1605 1388 1655 quis
1410 1611 1649 1654 generatur
1669 1603 1830 1649 denuo,
1854 1615 1944 1640 non
1967 1609 2115 1653 potest

654 1662 804 1700 videre
825 1673 1011 1711 regnum
1036 1660 1118 1699 Dei
1133 1659 1154 1674 ’'
1177 1659 1251 1709 (iii.
1275 1662 1326 1709 3).

346 1787 500 1844 1¹74.
551 1775 745 1826 Homo
777 1793 809 1825 a
846 1774 1180 1841 parentibus
1213 1790 1327 1824 non
1360 1773 1614 1823 nascitur
1652 1773 1706 1822 in
1744 1772 1923 1821 vitam
1957 1770 2118 1835 spiri-

247 1853 480 1914 tualem,
504 1853 604 1904 sed
632 1854 687 1903 in
715 1854 893 1903 vitam
922 1851 1256 1902 naturalem.
1319 1851 1458 1900 Vita
1481 1848 1786 1916 spiritualis
1810 1856 1896 1898 est
1926 1863 2114 1897 amare

250 1933 434 1984 Deum
468 1949 634 1998 supra
666 1933 872 1992 omnia,
908 1940 965 1982 et
999 1947 1188 1981 amare
1223 1930 1544 1996 proximum
1579 1929 1721 1978 sicut
1757 1928 2019 1993 seipsum,
2056 1934 2114 1976 et

248 2011 357 2062 hoc
411 2010 719 2062 secundum
767 2017 1073 2076 praecepta
1119 2008 1264 2069 fidei,
1307 2025 1449 2074 quae
1495 2007 1772 2057 Dominus
1820 2007 1874 2056 in
1921 2004 2116 2054 Verbo

250 2090 473 2140 docuit:
526 2090 645 2139 vita
690 2097 883 2139 autem
931 2087 1343 2138 naturalis‘est
1390 2103 1580 2136 amare
1628 2103 1687 2136 se
1739 2093 1797 2135 et
1844 2084 2115 2134 mundum

250 2185 383 2235 prae
416 2168 695 2234 proximo,
731 2168 903 2217 immo
937 2184 1068 2233 prae
1104 2167 1235 2232 Ipso
1270 2166 1410 2216 Deo.

350 2259 502 2315 175.
550 2247 950 2313 Unusquisque
973 2247 1147 2297 homo
1169 2247 1422 2296 nascitur
1449 2246 1503 2295 in
1532 2245 1684 2294 mala
1710 2244 1917 2295 amoris
1947 2243 2029 2292 sui
2057 2249 2116 2293 et

252 2325 446 2375 mundi
473 2342 506 2375 a
532 2326 644 2374 suis
674 2324 1019 2388 parentibus
1092 2322 1277 2374 Omne
1301 2322 1527 2381 malurn,
1560 2321 1709 2388 quod
1739 2339 1836 2388 per
1858 2320 2115 2370 habiturn

252 2410 509 2453 traxerat
533 2404 689 2469 quasi
712 2411 990 2462 naturam,
1015 2403 1301 2452 derivatur
1328 2403 1382 2451 in
1407 2401 1623 2467 prolem
1647 2418 1657 2462 ;
1693 2402 1772 2450 ita
1800 2399 2117 2449 successive

253 2498 285 2531 a
317 2481 659 2547 parentibuS‚
696 2482 766 2531 ab
799 2483 935 2541 aviS‚
966 2489 1023 2531 et
1058 2482 1129 2531 ab
1162 2481 1346 2531 atavis
1380 2479 1553 2545 longa
1585 2487 1738 2530 retro
1767 2479 1943 2528 serie:
1986 2477 2117 2527 inde

253 2559 528 2610 derivatio
570 2559 702 2610 mali
742 2561 976 2610 tandem
1018 2559 1079 2610 fit
1126 2568 1309 2619 tanta,
1352 2567 1412 2609 ut
1459 2575 1627 2608 omne
1667 2559 1818 2608 vitae
1862 2557 2117 2623 propriae

253 2638 497 2688 hominis
537 2655 648 2688 non
690 2640 760 2689 sit
802 2639 905 2688 nisi
944 2655 1110 2705 quam
1152 2638 1379 2688 malum.
1458 2638 1791 2687 Derivatum
1832 2635 1939 2685 hoc
1982 2651 2118 2685 con-

255 2718 472 2768 tinuum
512 2734 625 2767 non
665 2717 938 2782 frangitur
984 2724 1042 2767 et
1089 2716 1380 2777 alteratur,
1423 2732 1590 2782 quam
1638 2732 1736 2781 per
1774 2715 1951 2764 vitam
1992 2712 2120 2763 fidei

257 2803 314 2846 et
347 2796 641 2846 charitatis
675 2813 706 2846 a
740 2796 1003 2846 Domino.
1886 2796 1889 2799 ’

358 2877 513 2942 176.
563 2875 733 2941 Quod
771 2876 945 2925 homo
977 2893 1050 2925 ex
1089 2875 1435 2925 hereditario
1474 2874 1670 2933 trahit,
1700 2874 1770 2923 ad
1808 2873 1916 2923 hoc
1957 2873 2119 2924 incli-

257 2961 356 3004 nat
390 2953 674 3012 continue,
711 2960 768 3002 et
808 2953 863 3001 in
901 2952 1008 3002 hoc
1044 2952 1281 3002 labitur:
1325 2953 1454 3002 inde
1488 2953 1606 3017 ipse
1639 2950 1937 3001 confirmat
1972 2952 2120 3017 apud

258 3048 318 3082 se
367 3031 421 3081 id
468 3030 695 3091 malum,
738 3038 796 3081 et
836 3048 1056 3097 quoque
1104 3049 1177 3080 ex
1224 3048 1282 3080 se
1330 3030 1655 3096 superaddit
1698 3029 1870 3095 plura.
1960 3029 2119 3080 Haec

259 3109 408 3160 mala
459 3117 589 3159 sunt
642 3123 867 3176 prorsus
919 3110 1203 3159 contraria
1253 3110 1405 3159 vitae
1458 3109 1763 3174 spirituali3
1821 3109 2121 3159 destruunt

259 3187 435 3237 illam:
471 3196 813 3254 quapropter
834 3188 938 3237 nisi
961 3187 1132 3237 horno
1155 3205 1185 3237 a
1210 3187 1456 3237 Domino
1474 3188 1677 3252 accipit
1696 3188 1872 3261 vitam
1893 3203 2118 3247 novam,

260 3283 400 3332 quae
433 3274 520 3316 est
553 3267 669 3316 vita
702 3266 1020 3332 spiritualis,
1051 3267 1130 3316 ita
1164 3267 1267 3315 nisi
1300 3283 1329 3315 e
1363 3282 1511 3315 novo
1545 3266 1875 3330 concipitur,
1908 3282 1937 3315 e
1971 3281 2119 3315 novo

261 3345 525 3404 nascitur,
560 3352 617 3395 et
657 3362 686 3395 e
720 3362 868 3394 novo
902 3345 1190 3404 educatur,
1227 3344 1334 3394 hoc
1369 3351 1475 3402 est,
1511 3361 1540 3393 e
1574 3360 1722 3393 novo
1755 3351 1994 3403 creatur,
2031 3352 2117 3394 est

261 3423 595 3486 damnatus;
638 3439 767 3472 nam
790 3423 926 3473 nihil
956 3423 1106 3473 aliud
1129 3423 1268 3482 vult,
1297 3430 1354 3473 et
1383 3422 1512 3472 inde
1542 3422 1677 3472 nihil
1701 3422 1850 3472 aliud
1879 3423 2118 3487 cogitat,

262 3516 428 3566 quam
451 3501 600 3566 quod
628 3502 710 3550 sui
743 3509 800 3551 et
834 3502 1026 3550 mundi
1054 3509 1160 3560 est,
1186 3500 1441 3550 similiter
1469 3508 1529 3550 ut
1562 3500 1773 3550 faciunt
1802 3501 1856 3549 in
1885 3500 2118 3550 inferno.

360 3590 506 3646 177.
555 3579 743 3630 Nemo
765 3581 1086 3646 regenerari
1115 3587 1308 3645 potest
1337 3580 1439 3628 nisi
1468 3580 1610 3629 sciat
1639 3580 1777 3629 talia
1800 3597 1943 3645 quae
1966 3581 2120 3630 vitae

263 3672 461 3717 novae,
492 3656 598 3706 hoc
628 3664 732 3718 est,
758 3674 899 3723 quae
922 3658 1071 3707 vitae
1101 3656 1404 3723 spiritualis
1433 3663 1579 3706 sunt.
1652 3655 1811 3721 Quae
1835 3658 1987 3707 vitae
2017 3673 2120 3706 no-
