2496 4250
467 432 565 483 114
988 432 1072 472 DE
1111 432 1284 472 NOVA
1325 433 1778 474 HIEROSOLYMA

1301 857 1475 927 [xm]

1010 1067 1132 1126 DE
1187 1068 1700 1128 TENTATION
1709 1069 1777 1129 E.

1279 1270 1490 1278 ——-—-

458 1379 583 1429 18⁷⁰
648 1430 875 1483 OLUM
909 1432 999 1498 qui
1029 1438 1433 1497 regenerantur
1460 1432 1810 1482 tentationes
1840 1431 2156 1498 spirituales
2185 1433 2315 1488 sub-

465 1431 635 1659 S

695 1518 867 1572 eunt;
933 1526 1062 1560 nam
1121 1511 1474 1560 tentationes
1530 1510 1846 1575 spirituales
1904 1519 2033 1560 sunt
2090 1510 2315 1562 dolores

694 1588 901 1638 mentis
935 1588 1081 1654 apud
1116 1588 1242 1638 illos
1276 1590 1366 1654 qui
1399 1590 1454 1639 in
1487 1589 1647 1639 bonis
1678 1597 1734 1639 et
1764 1590 1907 1639 veris
1941 1598 2087 1650 sunt,
2118 1590 2314 1640 induc-

693 1675 786 1717 tae
819 1684 851 1716 a
885 1667 1170 1732 spiritibus
1203 1667 1398 1730 malis;
1439 1667 1495 1717 hi
1529 1668 1659 1717 dum
1694 1668 1953 1718 excitant
1987 1669 2135 1718 mala
2173 1686 2315 1735 quae

457 1745 605 1808 apud
647 1745 790 1805 illos,
828 1746 1002 1795 oritur
1028 1746 1292 1795 anxietas
1332 1763 1474 1811 quae
1514 1747 1880 1796 tentationis:
1923 1747 2094 1797 homo
2133 1749 2314 1799 nescit

456 1824 603 1874 unde
636 1825 808 1883 venit,
841 1824 967 1890 quia
1001 1824 1180 1873 nescit
1215 1823 1360 1873 hanc
1392 1825 1680 1889 originem.

555 1903 713 1955 188.
762 1903 906 1953 Sunt
939 1903 1088 1952 enim
1122 1903 1270 1968 apud
1304 1905 1737 1969 unumquemvis
1769 1904 2057 1954 hominem
2085 1905 2315 1970 spiritus

456 1980 587 2030 mali
620 1988 676 2031 et
707 1981 933 2046 spiritus
973 1981 1135 2042 boni3
1189 1981 1413 2045 spiritus
1454 1981 1585 2030 mali
1627 1989 1754 2031 sunt
1794 1982 1847 2030 in
1888 1981 2001 2046 ejus
2042 1982 2220 2042 maliS,
2255 1991 2313 2033 et

455 2060 681 2124 spiritus
704 2059 835 2109 boni
858 2061 912 2109 in
936 2058 1050 2124 ejus
1073 2059 1249 2108 bonis,
1314 2058 1551 2124 Spiritus
1572 2060 1846 2110 malicum
1870 2077 2043 2126 prope
2061 2061 2310 2120 veniunt,

456 2138 703 2188 educunt
752 2137 866 2203 ejus
913 2137 1078 2197 mala,
1121 2154 1184 2188 ac
1229 2139 1454 2203 spiritus
1506 2138 1637 2188 boni
1677 2139 1920 2188 vicissim
1967 2137 2083 2203 ejus
2129 2139 2312 2201 bona;

385 2279 390 2284 -
455 2214 586 2263 inde
615 2214 832 2265 collisio
861 2222 917 2265 et
952 2232 1158 2281 pugna,
1185 2233 1257 2265 ex
1292 2216 1489 2282 quibus
1523 2217 1734 2266 homini
1767 2218 2029 2267 anxietas
2062 2218 2310 2277 interior,

454 2310 596 2359 quae
630 2301 717 2343 est
751 2294 1014 2344 tentatio.
1093 2294 1232 2344 Inde
1266 2303 1426 2360 patet
1461 2295 1609 2361 quod
1649 2297 2000 2346 tentationes
2041 2296 2311 2346 inducan-

454 2380 543 2421 tur
576 2372 646 2421 ab
685 2372 917 2430 inferno,
949 2381 1005 2422 et
1046 2389 1158 2422 non
1199 2390 1228 2422 e
1269 2373 1459 2435 caelo;
1514 2374 1663 2439 quod
1704 2375 1874 2424 etiam
1915 2374 1987 2424 ab
2037 2374 2311 2425 ecclesiae

453 2449 562 2500 fide
591 2458 694 2509 est,
726 2467 866 2516 quae
896 2458 982 2500 est
1012 2451 1160 2516 quod
1190 2451 1343 2500 Deus
1373 2453 1654 2502 neminem
1685 2460 1888 2502 tentet.

551 2530 712 2595 189.
762 2529 905 2580 Sunt
933 2547 1155 2596 quoque
1184 2532 1514 2581 anxietates
1547 2533 1845 2581 interiores
1877 2532 2024 2597 apud
2057 2532 2186 2583 illos
2218 2534 2310 2598 qui

454 2625 567 2658 non
607 2609 661 2657 in
702 2607 863 2657 bonis
903 2616 960 2657 et
993 2609 1137 2657 veris
1178 2616 1325 2667 sunt,
1357 2609 1455 2658 sed
1495 2610 1820 2659 anxietates
1859 2609 2163 2667 naturales,
2195 2626 2308 2660 non

454 2695 642 2736 autem
685 2686 1037 2751 spirituales:
1088 2687 1496 2752 dignoscuntur
1534 2705 1631 2753 per
1670 2687 1742 2747 id,
1785 2688 1932 2753 quod
1984 2689 2310 2739 anxietates

454 2764 741 2815 naturales
781 2781 881 2830 pro
928 2762 1149 2829 objec‘to
1195 2765 1444 2815 habeant
1498 2766 1798 2826 mundana,
1835 2766 1934 2815 sed
1985 2767 2311 2817 anxietates

454 2843 772 2910 spirituales
802 2843 1086 2893 caelestia.

552 2937 716 2988 190.
767 2923 830 2972 In
875 2923 1294 2972 tentationibus
1333 2924 1520 2989 agitur
1559 2924 1628 2973 de
1673 2924 1923 2973 dominio
1967 2924 2099 2974 boni
2144 2941 2311 2990 super

453 3001 679 3060 malum,
702 3008 798 3050 aut
822 2999 952 3049 mali
976 3017 1139 3065 super
1162 3001 1387 3049 bonum.
1452 2999 1682 3059 Malum,
1701 3001 1849 3066 quod
1873 3001 2146 3050 dominari
2168 3000 2307 3059 vult,

453 3087 538 3129 est
573 3079 625 3127 in
660 3078 900 3128 naturali
934 3095 1030 3127 seu
1064 3086 1307 3127 externo
1341 3078 1586 3138 homine,
1618 3086 1674 3128 et
1710 3079 1917 3128 bonum
1951 3079 2004 3127 in
2038 3078 2310 3144 spirituali

355 3209 363 3217 ‚
453 3174 550 3206 seu
582 3158 822 3207 interno.
895 3154 951 3206 Si
985 3155 1194 3205 malum
1229 3156 1421 3214 vincit,
1455 3163 1587 3205 tunc
1623 3155 1892 3206 naturalis
1926 3156 2097 3206 homo
2130 3156 2309 3206 domi-

452 3243 650 3298 natur;
693 3235 735 3284 si
770 3235 979 3284 bonum
1014 3234 1203 3293 vincit,
1236 3242 1368 3284 tunc
1404 3233 1707 3299 spiritualis
1741 3233 1930 3284 homo.

551 3328 707 3380 191.
757 3315 985 3380 Pugnae
1018 3314 1149 3363 illae
1182 3313 1322 3363 fiunt
1351 3331 1450 3379 per
1477 3331 1610 3362 vera
1643 3313 1770 3363 fidei
1803 3331 1945 3379 quae
1975 3330 2048 3363 ex
2076 3313 2306 3364 Verbo:

452 3410 525 3442 ex
565 3392 673 3441 illis
714 3391 989 3456 pugnabit
1029 3391 1200 3440 homo
1241 3398 1440 3440 contra
1479 3390 1628 3439 mala
1668 3397 1725 3439 et
1765 3390 1937 3452 salsa;
1986 3391 2030 3439 si
2074 3407 2147 3440 ex
2187 3390 2309 3440 aliis

453 3486 618 3536 quam
660 3487 732 3520 ex
773 3469 897 3527 illis,
934 3485 1046 3518 non
1075 3469 1268 3529 vincit,
1301 3469 1427 3534 quia
1468 3484 1580 3517 non
1620 3469 1674 3517 in
1715 3468 1836 3518 aliis
1876 3476 1963 3519 est
2016 3468 2306 3518 Dominus,

456 3548 599 3614 Quia
638 3565 827 3614 pugna
866 3547 927 3598 fit
974 3565 1071 3613 per
1103 3564 1235 3597 vera
1274 3546 1418 3605 fidei,
1454 3547 1661 3596 ideirco
1702 3546 1874 3597 homo
1914 3563 2026 3596 non
2066 3547 2214 3613 prius
2253 3547 2307 3596 in

453 3642 700 3692 pugnam
730 3625 883 3676 illam
916 3626 1238 3675 admittitur
1269 3641 1435 3690 quam
1470 3641 1596 3674 curn
1630 3625 1683 3674 in
1712 3626 1827 3675 veri
1861 3633 1917 3675 et
1951 3626 2081 3675 boni
2109 3625 2305 3691 cogni·

454 3705 701 3755 tionibus
754 3711 859 3765 est,
895 3711 952 3754 et
999 3703 1127 3754 inde
1175 3703 1416 3770 aliquam
1458 3704 1631 3753 vitam
1684 3703 2028 3769 spiritualem
2068 3702 2306 3768 adeptus
