2430 4256
487 413 829 454 ECCLESIAE
870 414 1314 456 ISRAELITICAE
1355 417 1705 459 oRTUS.—N.
1734 422 1817 474 47.
1985 422 2046 476 57

811 887 1044 926 LEMMA
1092 889 1128 938 Q
1138 888 1211 928 UA
1217 889 1259 927 R
1268 890 1408 930 TUM.

214 1075 334 1135 DE
378 1076 804 1136 ECCLESIA
853 1076 1415 1139 ISRAELITICA
1464 1081 1572 1140 ET
1611 1083 2014 1161 JUDAICA.

278 1444 402 1510 46.
453 1442 537 1495 Ut
570 1450 753 1494 status
780 1442 940 1509 hujus
969 1443 1263 1495 Ecclesiae
1292 1445 1658 1511 perrimemur
1685 1454 1742 1498 et
1776 1446 2040 1499 distinete

175 1522 561 1583 exhibeamuS,
596 1522 833 1573 interest
866 1530 926 1573 ut
959 1522 1085 1573 illos
1117 1523 1172 1573 in
1205 1523 1312 1575 hoc
1347 1524 1541 1575 ordine
1574 1524 1874 1576 lustremus
1895 1543 1977 1577 :—

543 1655 609 1711 (i.)
654 1655 774 1702 Quod
783 1656 951 1710 primus
965 1660 1110 1699 status
1122 1657 1250 1711 hujus
1264 1657 1483 1700 Ecclesiae
1499 1658 1633 1700 fuerit
1645 1658 1861 1713 apparitio
1879 1660 2046 1702 Domini

726 1712 1006 1809 ἕυεέιέιὶαῧαῖἓ
1031 1713 1198 1754 Vocatio
1220 1717 1265 1754 et
1286 1713 1619 1762 eonfoederatio,
1644 1718 1689 1756 et
1716 1719 1817 1756 tunc
1847 1716 1941 1770 ejus
1964 1716 2040 1757 Or-

525 1847 608 1903 (ii.)
653 1846 772 1892 Quod
788 1847 1006 1889 secundus
1026 1851 1171 1890 status
1191 1848 1321 1902 hujus
1341 1849 1559 1893 Ecclesiae
1581 1850 1714 1892 fuerit
1733 1851 1972 1899 Instructio,
1991 1865 2043 1894 ac

726 1903 894 1944 demum
917 1902 1183 1945 intromissio
1213 1904 1254 1945 in
1281 1904 1451 1946 Terram
1477 1904 1727 1954 Canaanem,
1752 1911 1797 1948 et
1826 1912 1926 1949 tunc
1948 1908 2042 1962 ejus

727 1958 979 2013 Proqressio
999 1958 1041 2000 in
1063 1960 1199 2011 lucem
1220 1972 1273 2000 ac
1295 1959 1407 2001 Dies.

512 2038 610 2094 (iii.)
655 2038 774 2084 Quoa'
801 2038 955 2080 tertius
975 2043 1120 2080 status
1140 2039 1269 2092 hujus
1291 2040 1508 2082 Ecclesiae
1531 2041 1663 2082 fuerit
1682 2042 1871 2083 Deviatio
1891 2055 1918 2083 a
1943 2056 2042 2084 vero

731 2094 853 2135 Cultu
882 2095 1257 2148 repraesentativa
1294 2096 1336 2136 in
1371 2095 1697 2144 idololatricam,
1736 2102 1780 2139 et
1814 2102 1912 2140 tunc
1948 2099 2041 2153 ejus

732 2150 919 2192 Vastatio
940 2163 1020 2191 seu
1046 2150 1243 2204 Vespera.

512 2231 606 2286 (iv.)
653 2230 772 2276 Quod
806 2234 988 2285 quartus
1027 2235 1173 2273 status
1207 2231 1337 2285 hujus
1372 2231 1588 2274 Ecclesiae
1630 2233 1761 2274 fuerit
1797 2233 2041 2276 Profanatio

727 2287 1021 2333 Sanctitatum,
1046 2290 1091 2327 et
1110 2291 1211 2328 tunc
1232 2288 1326 2340 ejus
1351 2287 1665 2329 consummatio
1686 2301 1766 2330 seu
1789 2290 1888 2330 Mox.

525 2365 605 2421 (ν.)
651 2366 768 2412 Quod
785 2370 885 2407 ante
913 2366 1025 2407 hunc
1046 2370 1207 2407 statum
1236 2370 1281 2407 et
1304 2371 1407 2420 post
1434 2367 1562 2414 illum,
1589 2370 1704 2409 facta
1725 2368 1786 2410 sit
1808 2369 2039 2423 promissio

648 2456 651 2458 .
726 2421 941 2463 Adventus
972 2422 1137 2463 Domini
1167 2422 1346 2463 denovih
1382 2422 1423 2464 in
1454 2424 1668 2471 mundum,
1706 2424 1794 2478 [et]
1837 2425 1888 2466 de
1924 2425 2040 2467 Nova

724 2477 914 2519 Ecclesia
934 2477 976 2518 in
998 2490 1081 2532 qua
1103 2481 1337 2531 regnatura
1358 2482 1461 2520 sunt
1470 2479 1644 2532 justitia
1667 2483 1711 2520 et
1721 2479 1943 2533 fudicium.

514 2557 609 2612 (vi.)
655 2556 774 2602 Quod
799 2557 971 2611 quintus
992 2560 1137 2599 status
1166 2558 1294 2610 hujus
1316 2558 1533 2600 Ecclesiae
1565 2559 1696 2600 fuerit
1716 2559 1936 2613 Separatio
1966 2561 2038 2601 bo-

725 2625 874 2654 norum
895 2625 922 2654 a
949 2613 1085 2659 malis,
1110 2616 1153 2654 et
1183 2617 1283 2654 tunc
1302 2614 1516 2654 dudicium
1537 2626 1669 2668 super
1690 2627 1764 2656 eos
1786 2614 1860 2669 qui
1885 2615 1937 2657 ab
1967 2615 2039 2656 illa

728 2670 926 2715 fuerant:
958 2668 1040 2710 sea'
1056 2668 1135 2710 hoc
1155 2668 1196 2709 in
1219 2669 1414 2710 mundo[¹]
1437 2669 1666 2722 spirituali.

504 2745 616 2803 (vii.)
660 2747 824 2802 Aliquid
842 2748 894 2788 o‘e
917 2746 1044 2788 Caelo
1066 2751 1111 2788 et
1130 2747 1298 2789 lnferno
1321 2761 1371 2789 ex
1393 2748 1464 2789 illa
1480 2752 1623 2802 yente.

272 2932 386 2989 47.
437 2921 515 2985 (i.)
552 2921 692 2978 Quod
716 2921 910 2987 primus
932 2925 1100 2972 status
1138 2921 1282 2988 hujus
1306 2922 1573 2972 Ecclesiae
1613 2922 1770 2972 fuerit
1789 2922 2038 2988 Apparitio

174 2996 368 3046 Domini
395 2996 617 3057 «lehovih,
649 3013 712 3046 ac
743 2996 942 3046 Vocatio
980 3002 1034 3046 et
1066 2996 1468 3054 eonfoederatio,
1496 3002 1551 3047 et
1583 3002 1701 3046 tunc
1737 2997 1846 3063 ejus
1886 2997 2036 3048 Ortus

171 3089 266 3124 seu
290 3071 691 3138 Mane—Quod
723 3075 777 3123 in
806 3075 1076 3140 principio
1105 3073 1341 3139 cujusvis
1370 3073 1663 3124 Ecclesiae
1693 3091 1764 3123 ex
1799 3082 2037 3140 quatuor

171 3152 329 3218 hujus
362 3152 578 3204 telluris
607 3152 881 3202 Dominus
908 3152 1143 3218 Jehovih
1173 3153 1506 3217 apparuerit,
1538 3169 1610 3201 ex
1640 3151 1832 3201 Verbo
1866 3152 2034 3201 doce-

173 3247 309 3282 mur.
386 3231 567 3282 Causa
596 3239 682 3281 est
710 3232 837 3297 quia
866 3231 1019 3282 Deus
1048 3239 1134 3281 est
1164 3229 1347 3280 Omne
1376 3232 1430 3279 in
1453 3231 1711 3280 omnibus
1741 3229 2033 3279 Ecclesiae

173 3317 230 3360 et
277 3308 391 3375 ejus
431 3309 748 3375 religionis3
809 3318 866 3359 et
906 3310 1122 3375 agnitio
1164 3309 1268 3358 Dei
1314 3309 1386 3357 ibi
1433 3316 1519 3358 est
1567 3309 1709 3358 sicut
1749 3308 1934 3357 anima
1980 3308 2033 3356 in

174 3404 424 3454 corpore,
460 3406 602 3454 quae
642 3396 759 3438 tam
793 3389 1056 3438 interiora
1090 3403 1255 3453 quam
1296 3387 1578 3436 exteriora
1612 3385 1724 3450 ejus
1758 3384 2032 3446 vivificat3

174 3475 232 3518 et
283 3475 370 3517 est
416 3467 559 3518 sicut
606 3466 915 3532 prolificum
962 3467 1015 3516 in
1063 3467 1292 3523 semine,
1342 3464 1490 3530 quod
1542 3465 1737 3513 intime
1782 3465 1836 3513 in
1882 3465 2033 3513 omni

175 3561 345 3595 succo
378 3563 475 3611 per
501 3546 746 3595 radicem
781 3563 810 3595 e
844 3553 992 3594 terra
1021 3543 1328 3594 exanclato
1355 3543 1602 3608 sequitur
1633 3559 1664 3591 a
1698 3543 1874 3608 primo
1907 3559 2032 3607 ger-

175 3623 323 3673 mine
345 3641 516 3690 usque
539 3623 608 3673 ad
636 3621 871 3673 fruc'tum
895 3630 952 3672 et
980 3623 1034 3671 in
1063 3623 1227 3680 hunc,
1254 3638 1316 3670 ac
1342 3621 1587 3686 disponit
1611 3620 2032 3685 vegetationem

177 3709 236 3752 ut
269 3701 538 3767 procedat
572 3702 625 3750 in
660 3718 758 3750 suo
792 3701 1000 3750 ordine.
1079 3698 1264 3765 Quare
1298 3699 1469 3748 homo
1499 3697 1790 3748 Ecclesiae
1824 3698 2032 3763 absque
