2430 4256
381 439 463 478 DE
503 435 783 477 SAECULO
819 433 1167 483 ,ARGENTEO
1207 433 1777 473 MEMORABILE.-N.
1809 437 1894 487 44.
2010 435 2070 490 55

307 593 427 649 44.
479 577 707 630 Dictum
741 585 828 629 est
868 576 1017 644 quod
1051 593 1125 627 ex
1159 574 1379 642 populis
1412 574 1650 640 cujusvis
1684 574 1978 627 Ecclesiae
2018 576 2072 627 in

203 658 312 710 fine
357 658 473 724 ejus
512 655 718 708 sactum
759 657 831 707 sit
878 671 1086 706 novum
1127 653 1360 706 Caelum
1401 662 1459 705 et
1506 670 1714 704 novum
1756 654 2072 718 Infernum;

203 746 262 790 et
307 739 435 805 quia
480 738 534 788 in
575 736 846 787 lemmate
886 733 1265 802 praecedente
1306 733 1376 784 de
1418 732 1592 784 Caelo
1632 741 1690 784 et
1733 733 1958 784 Inferno
1999 752 2073 785 ex

202 817 311 868 illis
361 817 453 884 qui
504 816 575 867 ab
622 814 1036 882 Antiquissima
1087 812 1349 864 Ecclesia
1399 812 1637 873 fuerunt,
1694 814 2072 864 narrationem

203 896 368 956 edidi,
394 895 532 947 libet
561 896 732 946 etiam
760 894 829 963 de
858 893 974 955 his;
1016 892 1087 943 ad
1115 892 1221 943 hoc
1246 893 1395 942 enim
1419 891 1552 942 mihi
1581 891 1746 942 datus
1770 899 1856 942 est
1880 909 2072 943 acces-

204 992 313 1033 suS,
349 974 612 1042 quoniam
646 973 841 1023 datum
875 979 961 1022 est
995 970 1264 1021 mundum
1299 969 1644 1037 spiritualem
1686 971 1978 1036 pervagari
2017 979 2073 1022 et

205 1053 459 1114 lustrare,
494 1060 724 1120 propter
756 1050 924 1101 finem
958 1047 1072 1100 nes¹¹
1101 1048 1362 1100 Ecclesia
1395 1049 1559 1099 Nova
1591 1066 1721 1099 vere
1755 1048 2074 1099 Christiana

204 1133 276 1184 sit
315 1133 370 1183 in
410 1131 652 1198 caligine
692 1130 761 1181 de
802 1128 976 1181 Caelo
1016 1136 1074 1179 et
1116 1128 1358 1189 Infern0,
1394 1128 1574 1195 deque
1615 1135 1766 1178 sorte
1807 1146 1904 1178 sua
1945 1137 2073 1195 post

204 1218 464 1271 mortem,
501 1201 809 1260 secundum
842 1206 969 1259 acta
1001 1208 1151 1258 vitae
1185 1224 1333 1258 suae.
1411 1205 1554 1258 Sunt
1588 1207 1725 1257 haec
1756 1225 1977 1274 quoque
2018 1208 2073 1257 in

204 1289 476 1358 opusculo
498 1289 567 1340 de
588 1288 799 1339 Amore
823 1285 1144 1354 Conjugz'alz'
1168 1284 1245 1353 (n.
1268 1285 1380 1354 76).
1444 1286 1530 1337 De
1555 1285 1730 1338 Caelo
1759 1303 1831 1337 ex
1860 1286 1969 1336 illis
1991 1303 2077 1336 :—

294 1438 319 1454 ⁴⁴
335 1431 488 1475 Venit
510 1430 571 1474 ad
598 1444 676 1474 me
699 1430 904 1487 angelus
929 1438 980 1473 et
1003 1428 1143 1479 dixit,
1164 1435 1173 1451 ‘
1189 1428 1278 1472 Vis
1302 1436 1358 1471 ut
1375 1427 1584 1472 comiter
1600 1437 1650 1472 te
1674 1429 1734 1471 ad
1761 1429 1971 1485 populos
1990 1429 2075 1486 qui

205 1491 254 1534 in
279 1490 422 1535 Aevo
445 1503 531 1534 seu
557 1489 765 1534 Saeculo
786 1489 1040 1546 Argenteo
1058 1488 1301 1538 vixerunt,
1321 1496 1376 1530 ut
1399 1501 1459 1531 ex
1484 1487 1578 1531 illis
1600 1487 1859 1532 audiamus
1882 1489 1943 1532 de
1967 1489 2076 1532 illo-

205 1563 312 1593 rum
336 1549 577 1606 temporis
601 1548 820 1592 moribus
847 1556 897 1591 et
918 1546 1081 1591 vita.[²]'
1147 1547 1209 1590 Et
1233 1546 1393 1604 inquit
1416 1547 1550 1604 quod
1585 1560 1685 1590 non
1718 1547 1960 1591 adeantur
1982 1547 2075 1592 nisi

205 1622 265 1653 ex
287 1608 509 1666 auspicio
535 1607 752 1651 Domini.

295 1666 514 1712 “Factus
536 1681 646 1710 sum
682 1666 731 1709 in
764 1666 954 1722 spiritu,
979 1679 1036 1709 ac
1065 1665 1333 1708 comitatus
1356 1678 1464 1708 sum
1490 1664 1666 1708 ducem
1692 1679 1871 1715 meum,
1896 1674 1946 1709 et
1979 1665 2076 1722 pri-

207 1740 342 1770 mum
381 1726 443 1770 ad
483 1726 660 1769 collem
702 1725 750 1768 in
790 1724 1008 1768 confinio
1046 1724 1252 1767 orientis
1285 1737 1397 1767 cum
1432 1723 1661 1774 meridie;
1703 1732 1752 1767 et
1784 1738 1896 1768 cum
1930 1738 2078 1782 super

207 1785 291 1830 illo
313 1785 443 1829 clivo
476 1799 684 1834 eramus,
709 1784 931 1828 ostendit
964 1783 1085 1826 mihi
1121 1796 1349 1840 magnam
1383 1783 1726 1826 extensionem
1760 1781 1946 1827 tractus
1979 1792 2076 1827 ter-

207 1858 300 1895 rae,
340 1853 391 1888 et
429 1844 647 1888 vidimus
686 1843 855 1900 procul
895 1842 1215 1886 eminentiam
1255 1842 1383 1885 sicut
1422 1850 1721 1890 montanam,
1763 1842 1890 1886 inter
1926 1856 2073 1899 quarn

206 1913 256 1950 et
273 1903 451 1948 collem
475 1916 623 1960 super
645 1916 745 1959 quo
763 1901 992 1946 stetimus
1015 1909 1122 1945 erat
1143 1901 1298 1951 vallis,
1318 1909 1368 1944 et
1393 1909 1506 1957 post
1529 1901 1656 1944 hanc
1680 1901 1922 1957 planities,
1941 1910 1991 1945 et
2014 1903 2075 1945 ab

207 1963 299 2007 hac
321 1962 573 2006 acclivitas
596 1961 730 2005 lente
753 1974 974 2018 surgens.

297 2021 688 2065 “Descendimus
703 2034 729 2064 e
741 2019 867 2063 colle
878 2018 1132 2063 transituri
1143 2019 1335 2068 vallem,
1348 2027 1398 2062 et
1410 2018 1624 2062 vidimus
1641 2032 1669 2062 a
1683 2018 1916 2062 lateribus
1930 2019 2011 2063 hic
2026 2028 2076 2062 et

208 2080 307 2124 illic
321 2080 456 2138 ligna
470 2089 519 2124 et
534 2093 652 2124 saxa
667 2079 715 2122 in
733 2078 912 2136 figuras
928 2078 1202 2128 hominum,
1220 2086 1270 2122 et
1283 2077 1527 2121 variarum
1545 2078 1827 2127 bestiarum,
1845 2078 2009 2121 avium
2027 2087 2076 2122 et

208 2139 416 2196 piScium
440 2139 645 2195 sculpta.
711 2137 772 2181 Et
791 2137 1011 2195 quaesivi
1034 2137 1279 2194 angelum,
1301 2135 1457 2194 ‘Quid
1483 2136 1595 2180 illa?
1660 2135 1850 2180 Suntne
1875 2136 2054 2181 idola?

297 2205 322 2221 “
339 2197 401 2242 Et
420 2197 688 2255 respondit,
709 2203 719 2219 ⁴
734 2196 941 2240 Prorsus
960 2209 1083 2246 n0n;
1107 2205 1223 2239 sunt
1241 2195 1562 2253 figurationes
1581 2196 1974 2252 repraesentivae
1992 2210 2076 2239 va·

208 2257 387 2301 riarum
411 2257 652 2300 virtutum
673 2256 934 2300 moralium
959 2263 1009 2299 et
1026 2255 1291 2299 veritatum
1316 2255 1675 2311 spiritualium.'
1741 2254 1919 2298 Fuerat
1942 2255 2073 2311 apud

209 2316 420 2373 populos
443 2316 573 2360 illius
605 2315 781 2359 aetatis
813 2314 1020 2359 scientia
1053 2314 1629 2370 correspondentiarum;
1674 2322 1723 2357 et
1756 2314 1872 2370 quia
1905 2314 2070 2365 bestia,

206 2376 324 2425 avis,
348 2375 496 2432 piscis
518 2374 875 2431 correspondet
897 2373 1042 2416 alicui
1066 2373 1306 2430 qualitati,
1327 2373 1439 2417 ideo
1458 2373 1827 2429 unumquodvis
1846 2373 2072 2429 sculptile

207 2442 546 2492 repraesentat
579 2442 629 2477 et
661 2433 908 2491 significat
939 2433 1126 2489 aliquid
1150 2433 1400 2490 singulare
1425 2432 1622 2475 virtutis
1646 2441 1731 2475 aut
1762 2432 1999 2481 veritatis,
2024 2439 2075 2475 et

198 2493 348 2550 ,plura
369 2493 515 2537 simul
550 2493 704 2549 ipsam
729 2492 966 2536 virtutem
991 2501 1076 2535 aut
1099 2491 1358 2535 veritatem
1395 2492 1442 2534 in
1477 2491 1688 2548 quadam
1714 2491 1967 2534 communi
1992 2504 2074 2534 ex-

207 2562 350 2596 tensa
371 2551 555 2602 forma;
589 2560 704 2595 sunt
729 2551 810 2595 illa
832 2565 959 2607 quae
984 2551 1032 2594 in
1058 2551 1290 2608 Aegypto
1314 2559 1490 2594 vocata
1512 2558 1628 2594 sunt
1651 2549 2032 2606 hieroglyphica.

297 2611 649 2655 “Perreximus
674 2625 760 2667 per
783 2611 987 2660 vallem;
1026 2619 1075 2653 et
1109 2610 1226 2652 dum
1258 2610 1548 2652 intravimus
1572 2609 1842 2665 planitiem,
1868 2622 1980 2652 ecce
2004 2608 2074 2651 vi-

208 2669 371 2714 dimus
393 2683 548 2726 equos
572 2678 622 2712 et
639 2683 833 2718 currus;
867 2683 1022 2726 equos
1040 2669 1173 2712 varie
1198 2668 1478 2725 phaleratos
1498 2677 1548 2712 et
1565 2668 1871 2724 capistratos,
1891 2681 1947 2710 ac
1965 2681 2073 2710 cur-

209 2743 290 2772 rus
313 2728 691 2777 diversiformes,
716 2729 960 2786 quosdam
983 2728 1278 2784 exsculptos,
1303 2728 1431 2771 sicut
1453 2727 1655 2783 aquilas,
1680 2727 1921 2782 quosdam
1946 2726 2074 2769 sicut

209 2788 483 2837 unicornes,
502 2788 743 2844 quosdam
763 2788 891 2830 sicut
909 2787 1163 2837 balaenas;
1191 2796 1242 2830 et
1260 2801 1458 2843 quoque
1479 2787 1526 2828 in
1548 2785 1642 2829 fine
1660 2786 1824 2841 aliqua
1842 2785 2071 2841 plaustra,

209 2855 259 2890 et
281 2847 466 2890 circum
500 2847 560 2890 ad
594 2846 748 2889 latera
779 2846 987 2889 stabula.
1052 2845 1122 2888 At
1145 2859 1255 2888 cum
1290 2845 1808 2902 appropinquavimus,
1833 2854 1934 2886 tam
1959 2844 2071 2899 equi

208 2919 356 2962 quam
373 2919 542 2948 currus
555 2905 788 2961 disparati
804 2913 933 2955 sunt,
951 2914 1000 2948 et
1016 2918 1104 2961 pro
1122 2904 1214 2948 ill-is
1229 2904 1445 2948 vidimus
1465 2904 1691 2947 homines
1711 2903 1844 2958 paria
1858 2911 1907 2945 et
1924 2902 2070 2957 paria,

208 2964 531 3013 ambulantes,
560 2964 900 3020 colloquentes
933 2972 983 3007 et
1017 2963 1381 3006 ratiocinantes.
1448 2963 1510 3005 Et
1542 2961 1666 3004 dixit
1700 2961 1819 3003 mihi
1852 2961 2070 3017 angelus,

210 3022 711 3079 ‘Species·equorum,
736 3036 982 3071 curruum,
1007 3031 1056 3065 et
1080 3023 1402 3070 stabulorum,
1427 3035 1453 3064 e
1486 3021 1760 3077 longinquo
1783 3020 1928 3068 visae,
1956 3028 2071 3062 sunt

209 3082 525 3138 apparentiae
540 3081 792 3124 rationalis
812 3081 1167 3138 intelligentiae
1187 3081 1443 3123 hominum
1466 3080 1593 3122 illius
1610 3079 1757 3127 Aevi:
1781 3092 1923 3132 equus
1939 3078 2069 3120 enim

209 3153 270 3184 ex
311 3141 755 3196 correspondentia
795 3140 1043 3196 significat
1083 3137 1389 3182 intellectum
1427 3139 1543 3187 veri,
1582 3151 1758 3179 currus
1795 3134 2068 3179 doctrinam

209 3199 329 3255 ejus,
348 3213 405 3243 ac
426 3199 613 3242 stabula
638 3199 746 3242 loca
765 3197 1116 3242 instructionis.
1181 3197 1325 3240 Nosti
1344 3197 1478 3253 quod
1502 3196 1669 3239 omnia
1693 3196 1740 3237 in
1765 3195 1860 3237 hoc
1883 3195 2070 3236 mundo

209 3258 481 3301 secundum
505 3257 968 3313 correspondentias
990 3256 1288 3313 appareant.'

300 3315 436 3360 “Sed
461 3316 835 3372 praeterivimus
861 3316 994 3364 haec,
1019 3325 1069 3358 et
1102 3329 1188 3371 per
1210 3314 1450 3357 acclivum
1474 3313 1802 3356 ascendimus.
1869 3311 1930 3353 Et
1961 3319 2070 3353 tan-

210 3374 323 3418 dem
346 3375 562 3418 vidimus
586 3375 773 3423 urbem,
798 3388 946 3430 quam
973 3374 1291 3423 intravimus;
1335 3381 1384 3415 et
1419 3373 1466 3414 in
1493 3372 1822 3428 pervadendo,
1843 3384 1868 3413 e
1893 3370 2069 3425 plateis

209 3441 260 3476 et
282 3432 400 3477 foris
418 3434 738 3477 lustravimus
757 3434 864 3489 ejus
883 3434 1073 3476 domos.
1139 3431 1194 3474 In
1214 3432 1379 3475 medio
1398 3431 1503 3486 ejus
1522 3438 1661 3473 erant
1686 3429 1866 3484 palatia
1883 3426 2070 3471 structa

210 3504 271 3534 ex
295 3505 560 3541 marmore;
599 3500 715 3535 ante
740 3492 822 3534 illa
843 3500 984 3535 erant
1006 3491 1187 3548 gradus
1210 3505 1270 3534 ex
1292 3490 1550 3537 alabastro,
1576 3498 1624 3531 et
1659 3488 1755 3543 [ad]
1790 3488 1942 3530 latera
1964 3500 2069 3543 gra-

209 3550 364 3593 duum
402 3551 663 3594 columnae
701 3564 762 3593 ex
798 3550 1004 3606 jaspide.
1076 3549 1304 3591 Vidimus
1342 3548 1490 3590 etiam
1530 3547 1714 3602 templa
1752 3560 1811 3588 ex
1850 3545 2068 3601 pretioso

210 3607 387 3665 lapide,
421 3609 601 3652 coloris
634 3609 906 3664 sapphirini
940 3617 990 3652 et
1022 3608 1215 3650 lazurei.
1283 3607 1343 3650 Et
1376 3606 1502 3649 dixit
1535 3606 1654 3647 mihi
1689 3605 1906 3661 angelus,
1942 3603 2068 3646 ‘Do-

211 3680 320 3711 mus
343 3667 437 3710 illis
461 3681 521 3710 ex
554 3668 799 3723 lapidibus
822 3675 951 3716 sunt,
976 3667 1093 3723 quia
1114 3666 1299 3722 lapides
1320 3664 1601 3721 significant
1618 3664 1851 3707 veritates
1875 3671 2068 3705 natura·

210 3725 292 3775 les,
317 3734 367 3769 et
398 3726 583 3782 lapides
604 3727 816 3781 pretiosi
833 3725 1065 3768 veritates
1086 3724 1391 3781 spirituales;
1438 3732 1488 3766 et
1511 3722 1740 3766 omnibus
1775 3722 1867 3764 illis
1901 3721 1983 3778 qui
2018 3721 2067 3763 in
