2496 4250
414 407 448 456 ii

754 420 1088 461 SAPIENTIA
1128 423 1451 464 ANGELICA
1490 426 1573 465 DE
1611 426 1936 481 CONJUGIO.

545 557 668 609 Quod
691 557 850 598 interna
873 565 912 599 et
935 559 1152 611 spiritualis
1173 572 1295 601 causa
1318 563 1466 603 amoris
1489 563 1730 618 conjugialis
1753 565 1804 607 sit
1831 579 1884 607 ex
1911 566 2108 621 religione
2131 569 2271 624 fugere

626 620 825 660 adulteria
847 622 906 677 (n.
923 623 1154 663 1602—1606
1177 630 1251 673 [De
1268 633 1355 666 Am.
1374 633 1490 674 conj„
1503 644 1538 667 n.
1559 629 1756 684 147-149]).

542 715 667 767 Quod
688 722 851 756 externa
869 730 941 757 seu
965 718 1158 758 naturalis
1178 732 1300 760 causa
1318 722 1466 762 amoris
1486 729 1526 763 et
1547 724 1749 764 amicitiae
1770 724 1873 765 inter
1893 726 2087 780 conjuges
2107 728 2160 769 sit
2181 729 2269 770 abs-

620 778 791 819 tinentia
818 794 843 820 a
875 782 1122 822 scortatione
1151 795 1203 823 ex
1235 797 1479 839 quacunque
1513 799 1649 837 causa,
1678 788 1804 828 modo
1838 802 1923 829 non
1951 803 2003 830 ex
2032 790 2271 845 impotentia

620 843 676 896 (n.
689 843 927 899 1611-1614).

539 938 605 977 De
629 938 785 990 angelis
808 939 1067 981 innocentiae
1094 942 1165 995 qui
1194 954 1279 982 non
1301 942 1591 985 intellexerunt
1619 944 1719 999 quid
1741 960 1856 987 amor
1878 949 2132 990 scortationis
2157 949 2268 1008 (Me-

622 1003 792 1051 morab„
812 1016 853 1043 n.
871 1003 971 1055 1738
994 1009 1067 1053 [De
1080 1012 1167 1044 Am.
1188 1012 1304 1053 Cous„
1320 1023 1356 1046 n.
1374 1007 1485 1064 444]).

536 1104 603 1144 De
624 1103 890 1147 fornicatione
915 1106 1027 1163 (vide
1046 1108 1297 1158 Fornicatio,
1321 1116 1361 1150 et
1378 1110 1642 1168 Pellicatus).

537 1211 661 1264 Quod
683 1212 800 1265 plura
819 1227 970 1266 genera
986 1216 1278 1256 adulteriorum
1297 1218 1400 1259 sint:
1431 1220 1543 1272 quod
1561 1220 1641 1261 sint
1659 1221 1785 1272 mitia,
1801 1222 1955 1275 gravia,
1972 1228 2012 1264 et
2026 1223 2266 1278 gravissima

624 1275 684 1331 (n.
701 1276 801 1327 1876
821 1283 894 1326 [De
907 1286 994 1319 Am.
1017 1286 1134 1327 Cous„
1149 1297 1185 1320 n.
1203 1298 1276 1330 479,
1291 1289 1364 1329 487,
1380 1300 1454 1331 491,
1471 1283 1582 1338 493]).

534 1380 658 1432 Quod
681 1381 925 1423 adulterium
948 1384 1170 1425 univocum
1194 1385 1245 1426 sit
1268 1385 1513 1427 adulterium
1533 1389 1609 1430 viri
1633 1390 1799 1430 caelibis
1822 1403 1917 1431 cum
1936 1405 2066 1433 uxore
2085 1394 2263 1445 alterius,

614 1455 663 1483 ac
689 1445 868 1485 feminae
897 1459 981 1486 non
1008 1449 1218 1488 maritatae
1249 1462 1342 1489 curn
1370 1452 1516 1492 marito
1544 1453 1708 1494 alterius
1741 1453 1800 1510 (n.
1825 1454 2056 1508 1877-1879
2081 1462 2154 1506 [De
2174 1465 2263 1500 Am.

613 1514 730 1555 Cous„
745 1525 781 1548 n.
799 1509 909 1564 480]).

535 1571 658 1623 Quod
691 1584 744 1611 ex
781 1573 937 1612 ratione
970 1573 1102 1613 videri
1138 1576 1263 1627 possit
1296 1577 1408 1630 quod
1441 1578 1686 1618 adulterium
1720 1580 1771 1620 sit
1801 1580 2020 1634 injustum;
2060 1583 2173 1623 varia
2203 1583 2262 1639 (n.

617 1633 760 1686 [1]1878
780 1641 854 1684 [De
867 1643 953 1675 Am.
973 1644 1090 1684 Cous„
1106 1655 1140 1678 n.
1157 1639 1268 1694 481]).

531 1749 655 1801 Quod
679 1749 925 1798 adulterium
949 1750 1201 1802 duphcatum
1230 1750 1281 1791 sit
1309 1751 1443 1792 mariti
1467 1763 1560 1791 curn
1583 1751 1747 1792 alterius
1770 1766 1911 1803 uxore,
1935 1757 1975 1794 et
2002 1754 2144 1794 uxoris
2167 1766 2262 1793 cum

610 1812 773 1852 alterius
793 1812 938 1852 marito
961 1814 1020 1867 (n.
1038 1813 1264 1865 1880-1885
1292 1820 1365 1863 [De
1378 1822 1465 1854 Am.
1487 1821 1604 1862 conj„
1620 1832 1655 1854 n.
1674 1817 1784 1870 482]).

528 1875 655 1927 Apud
684 1889 786 1928 quos
807 1876 912 1915 illud
941 1876 1186 1916 adulterium
1217 1878 1354 1927 datur;
1389 1879 1504 1918 varia
1535 1877 1595 1934 (n.
1621 1879 1721 1919 1882
1747 1885 1819 1928 [De
1833 1887 1918 1919 Am.
1939 1886 2055 1927 Cous„
2071 1897 2107 1919 n.
2125 1879 2236 1935 483]).

531 1939 656 1991 Quod
675 1939 719 1978 in
739 1939 891 1992 Anglia
916 1939 976 1995 (n.
993 1940 1092 1993 1883
1114 1946 1187 1989 [De
1198 1949 1283 1981 Am.
1303 1948 1420 1988 Cous„
1439 1959 1474 1981 n.
1493 1942 1604 1996 483]).

531 2044 656 2097 Quod
685 2044 930 2085 adulterium
953 2044 1198 2098 triplicatum
1227 2046 1278 2086 sit
1307 2059 1400 2086 cum
1426 2047 1740 2099 consanguineis
1766 2046 1826 2104 (n.
1840 2046 1955 2097 1884,
1971 2046 2070 2100 1885
2088 2053 2161 2096 [De
2174 2055 2260 2088 Am.

615 2115 732 2155 conj„
749 2125 783 2148 n.
802 2106 914 2165 484])·

529 2213 653 2266 Quod
677 2213 878 2253 adulteria
906 2214 988 2253 sint
1015 2213 1260 2262 voluntaria,
1285 2220 1325 2254 et
1354 2214 1465 2267 quod
1489 2214 1567 2254 sint
1591 2214 1770 2255 actualia
1779 2231 1790 2265 ;
1834 2222 1874 2256 et
1897 2216 2009 2270 quod
2032 2216 2262 2258 voluntaria

609 2276 654 2315 in
677 2289 720 2316 se
745 2277 823 2316 sint
847 2276 950 2316 sicut
971 2275 1151 2317 actualia
1174 2289 1268 2316 cum
1298 2277 1416 2317 datur
1439 2278 1558 2330 copia
1580 2285 1621 2318 et
1643 2278 1745 2318 varii
1767 2279 1932 2319 timores
1961 2293 2046 2320 non
2074 2279 2261 2322 inhibent

614 2339 675 2396 (n.
691 2340 806 2389 1886,
829 2340 929 2392 1887
956 2346 1029 2390 [De
1042 2348 1128 2380 Am.
1154 2347 1271 2387 Conj.,
1287 2358 1322 2380 n.
1342 2342 1447 2394 49o]).

529 2444 654 2497 Quod
673 2445 754 2485 sint
768 2445 967 2485 adulteria
986 2444 1166 2485 actualia
1185 2444 1426 2494 voluntaria,
1443 2451 1482 2485 et
1498 2446 1609 2498 quod
1629 2445 1708 2485 sint
1727 2438 1927 2486 adulteria
1945 2460 2028 2486 non
2048 2447 2103 2487 ita
2117 2447 2261 2487 volun-

610 2508 733 2557 taria3
760 2514 800 2548 et
822 2509 933 2561 quod
956 2509 1060 2548 haec
1082 2508 1163 2548 sint
1184 2508 1313 2558 mitia,
1334 2508 1406 2548 illa
1429 2515 1564 2548 autem
1585 2509 1725 2561 gravia
1751 2509 1811 2563 (n.
1829 2509 2059 2562 1889—1892
2081 2516 2154 2559 [De
2172 2518 2258 2550 Am.

617 2578 732 2618 Conj„
748 2589 783 2610 n.
802 2579 876 2618 486,
891 2571 1093 2628 491-494]).

531 2677 687 2718 Causae
707 2690 813 2730 quae
833 2677 994 2718 faciunt·
1007 2677 1120 2730 quod
1142 2678 1269 2717 homo
1290 2691 1376 2717 non
1395 2677 1438 2717 in
1458 2677 1647 2717 interiore
1670 2676 1879 2717 voluntate
1899 2677 2126 2719 committat
2145 2677 2260 2718 adul·

610 2741 710 2780 teria
733 2742 791 2795 (n.
809 2741 909 2793 1892
930 2747 1002 2789 [De
1021 2749 1106 2780 Am.
1135 2748 1250 2788 Conj.,
1271 2758 1306 2780 n.
1324 2739 1434 2795 486])·

531 2846 656 2899 Quod
676 2845 876 2886 adulteria
890 2845 1068 2886 actualia
1086 2846 1315 2887 voluntaria
1333 2845 1507 2886 reddant
1525 2846 1738 2885 hominem
1759 2846 1998 2894 naturalem,
2014 2846 2258 2895 sensualem,

615 2917 656 2950 et
684 2922 924 2963 corporeum
958 2910 1095 2963 quoad
1127 2910 1393 2958 voluntatem,
1424 2910 1508 2962 ejus
1538 2910 1824 2949 inclinationes
1853 2916 1893 2950 et
1925 2909 2163 2952 affectiones
2198 2909 2257 2966 (n.

610 2974 841 3026 1894—1896
861 2981 932 3023 [De
947 2982 1032 3014 Am.
1057 2981 1173 3022 conj„
1186 2992 1222 3014 n.
1241 2991 1315 3022 495,
1337 2974 1448 3028 496]).

529 3039 656 3092 Quod
686 3038 863 3078 efficiant
890 3045 935 3078 ut
962 3038 1088 3077 homo
1117 3050 1202 3077 non
1230 3043 1426 3090 agnoscat
1456 3038 1607 3086 Deum,
1634 3037 1905 3078 Divinitatem
1935 3038 2122 3087 Domini,
2144 3049 2259 3079 sanc·

611 3102 768 3142 titatem
797 3101 937 3150 Verbi,
967 3107 1007 3141 et
1045 3101 1144 3140 inde
1177 3101 1334 3154 reliqua
1370 3113 1475 3153 quae
1515 3100 1712 3140 ecclesiae
1751 3107 1791 3141 et
1827 3101 2037 3154 religionis
2069 3107 2163 3142 sunt
2198 3100 2259 3158 (n.

614 3166 844 3218 1897-1903
865 3171 937 3214 [De
951 3172 1037 3204 Am.
1061 3171 1177 3212 007412,
1198 3182 1232 3204 n.
1249 3164 1361 3220 497])·

533 3270 659 3324 Quod
687 3270 861 3310 adulteri
890 3283 1021 3323 aeque
1045 3269 1237 3309 facultate
1265 3269 1523 3321 intelligendi
1551 3269 1760 3321 gaudeant
1787 3275 1832 3309 ut
1860 3283 1944 3309 non
1967 3269 2157 3319 adulteri,
2185 3269 2260 3311 sed

610 3334 721 3387 quod
754 3334 814 3373 illi
847 3333 1120 3373 rationalitate
1153 3346 1227 3373 sua
1259 3333 1476 3373 abutantur
1508 3333 1562 3372 ad
1595 3333 1921 3384 confirmandum
1959 3333 2159 3374 adulteria
2192 3333 2255 3391 (n.

613 3396 845 3449 1904-1908
866 3403 939 3446 [De
957 3404 1043 3436 Am.
1068 3403 1185 3443 Conj.‚
1202 3413 1237 3435 n.
1255 3404 1329 3445 498,
1345 3394 1456 3450 499])·

531 3502 752 3555 Quomodo
775 3502 998 3555 loquuntur
1019 3501 1195 3542 adulteri
1216 3514 1291 3554 pro
1314 3500 1523 3541 adulteriis
1546 3506 1586 3541 et
1609 3506 1748 3541 contra
1772 3501 1961 3555 conjugia
1987 3500 2046 3559 (n.
2064 3501 2164 3554 1908
2183 3506 2258 3551 [De

613 3573 699 3605 Am.
723 3572 839 3613 Conj.,
855 3582 890 3605 n.
909 3565 1018 3620 500]).

531 3662 598 3702 De
621 3661 878 3715 opposuione
907 3661 1054 3701 amoris
1084 3660 1326 3715 conjugialis
1355 3666 1395 3701 et
1422 3660 1570 3700 amoris
1598 3660 1822 3701 scortatorii
1854 3662 1914 3716 (n.
1939 3669 2158 3714 1910-1947
2183 3665 2256 3711 [De

610 3733 696 3764 Am.
720 3731 835 3772 Conj.,
856 3742 890 3764 n.
909 3724 1109 3780 423-443])·
