2430 4256
679 439 762 479 DE
800 438 1498 481 CONSUMMATIONE.—N.
1531 433 1618 496 58,
2021 434 2090 502 69

227 589 361 634 tunc
401 597 475 632 ex
521 580 933 646 periclitatione
972 580 1356 633 lamentantur
1394 583 1754 649 gubernator,
1798 585 2088 637 nauclerus

224 656 299 714 et'
330 668 565 723 nautae;
627 667 686 711 at
732 666 917 711 status
956 662 1458 713 consummationis
1503 671 1590 714 est
1636 665 1862 730 quando
1902 666 2088 717 carina

225 740 382 791 navis
422 739 735 791 corroditur
781 756 814 789 a
859 739 1052 806 glarea
1091 739 1302 801 subter,
1343 748 1400 792 et
1441 742 1599 792 navis
1638 749 1771 793 tunc
1814 744 2086 810 perfracta

222 826 280 871 et
307 818 588 886 perforata
609 818 863 879 subsidit,
888 826 945 869 et
974 836 1047 869 ex
1070 819 1484 871 subundatione
1506 829 1740 887 pereunt
1770 823 2086 875 navarchae

221 914 348 950 cum
387 898 678 949 mercibus,
756 896 952 948 Status
991 899 1328 949 vastatio-nis
1368 902 1679 966 comparari
1725 910 1916 967 potest
1959 920 2083 954 cum

220 977 373 1028 omni
411 977 608 1028 morbo
668 977 759 1043 qui
798 977 1013 1027 invadit
1054 977 1322 1038 membra,
1357 979 1570 1029 viscera
1610 987 1667 1030 et
1708 997 1921 1046 organa
1961 999 2083 1032 cor-

220 1056 387 1122 poriS,
428 1073 502 1106 ex
549 1073 659 1122 quo
703 1063 970 1122 aegrotus
1010 1064 1313 1122 auguratur
1353 1056 1546 1117 letum,
1589 1066 1645 1108 et
1686 1060 1926 1112 consulit
1967 1078 2082 1112 me-

219 1135 422 1195 dicum,
464 1142 521 1185 et
567 1134 751 1185 haurit
797 1133 1119 1200 pharmaca,
1161 1142 1220 1186 et
1267 1136 1482 1186 tamdiu
1528 1138 1583 1186 in
1629 1155 1728 1203 spe
1774 1141 2083 1191 sanationis

218 1214 389 1265 cubat
416 1214 471 1265 in
500 1211 681 1276 le&o;
723 1221 780 1263 at
810 1221 994 1264 status
1022 1216 1524 1265 consummationis
1554 1219 1862 1281 comparari
1891 1228 2082 1284 potest

217 1292 399 1343 eidem
433 1293 630 1343 morbo
669 1293 713 1342 si
752 1292 968 1342 invadit
1001 1290 1214 1359 pectuS,
1250 1293 1304 1343 in
1337 1310 1446 1359 quo
1479 1310 1575 1344 cor
1606 1303 1663 1345 et
1704 1295 1894 1361 pulmo
1927 1306 1987 1348 ut
2027 1299 2080 1348 in

216 1387 317 1422 suo
356 1370 723 1422 tabernaculo
755 1371 1022 1433 resident,
1057 1371 1111 1422 in
1152 1372 1302 1438 quod
1344 1373 1476 1422 dum
1510 1373 1737 1424 morbus
1776 1374 1869 1426 ille
1909 1393 2079 1442 pene-

214 1456 346 1511 trat,
382 1448 568 1501 adtum
602 1458 688 1501 est
722 1450 793 1501 de
824 1451 942 1501 vita
974 1452 1223 1517 corporis
1256 1449 1387 1516 ejus,

318 1530 437 1596 58.
489 1527 685 1580 Status
726 1530 1229 1581 consummationis
1269 1529 1563 1582 Ecclesiae
1604 1531 1948 1585 Israeliticae
1978 1533 2078 1586 'de-

213 1608 471 1659 scribitur
502 1616 620 1658 tam
654 1609 709 1658 in
738 1608 915 1659 Verbi
951 1608 1234 1660 historicis
1267 1626 1433 1676 quam
1466 1611 1522 1660 in
1555 1610 1670 1676 ejus
1703 1613 2075 1678 propheticis:

212 1687 267 1737 in
300 1686 474 1738 Verbi
506 1687 850 1754 propheticis
884 1705 983 1755 per
1013 1689 1266 1739 enormia
1296 1686 1444 1739 facta
1476 1706 1690 1756 regum,
1722 1692 1959 1756 primum
1995 1693 2077 1744 Is-

210 1765 531 1818 raelitarum
571 1774 628 1817 et
675 1775 877 1833 postea
912 1767 1286 1832 Judaeorum;
1327 1785 1426 1834 per
1463 1785 1602 1835 quos
1642 1777 1700 1820 et
1740 1770 1842 1820 sub
1881 1772 2076 1837 quibus

210 1853 360 1896 terra
403 1845 608 1897 dicitur
653 1846 978 1912 profanata:
1034 1847 1134 1897 sed
1179 1863 1474 1898 recensere
1511 1847 1615 1898 illa
1660 1865 1773 1899 non
1818 1850 2072 1912 interest,

208 1925 335 1991 quia
358 1921 512 1976 *nota
545 1932 707 1987 sunt;
755 1924 1039 1976 duntaxat
1072 1925 1422 1977 adducentur
1454 1925 1581 1976 loca
1619 1945 1693 1977 ex
1732 1929 2074 1995 propheticis

207 2003 298 2054 ubi
342 2004 528 2070 agitur
566 2003 636 2054 de
678 2005 1167 2056 consummatione
1213 2012 1271 2056 et
1311 2005 1707 2056 devastatione
1752 2007 1911 2058 istius
1959 2009 2071 2061 Ec-

207 2081 428 2133 clesiae.
507 2082 572 2141 In
618 2083 702 2132 his
749 2081 904 2143 lociS‚
947 2099 1046 2149 per
1088 2083 1394 2144 “terram,”
1437 2083 1771 2145 “Zionem,’'
1814 2085 2070 2139 “Hiero-

206 2160 535 2226 solymam,''
558 2164 591 2186 ‘⁴
606 2161 818 2222 urbeS,'’
844 2165 875 2186 “
891 2161 1166 2223 monteS,’'
1185 2165 1223 2225 ‘⁴‘
1239 2161 1463 2223 colleS,”
1486 2167 1516 2187 “
1533 2162 1758 2224 valleS,''
1780 2168 1811 2188 “
1826 2164 2070 2228 fluvios,”

205 2238 403 2288 similia
435 2257 576 2305 quae
610 2257 775 2306 supra
810 2240 887 2307 (n.
925 2241 1034 2308 55),
1068 2242 1468 2309 significantur.

311 2316 405 2366 Ex
438 2317 781 2384 propheticis
814 2319 988 2370 Verbi
1021 2329 1151 2372 sunt
1183 2322 1356 2372 haec:

266 2463 269 2466 Α
293 2426 438 2468 “Vidi
467 2434 646 2475 terram,
679 2434 725 2466 et
753 2438 854 2466 ecce
883 2438 1071 2465 vacuum
1102 2434 1146 2466 et
1175 2427 1322 2472 inane,
1354 2433 1398 2464 et
1427 2438 1582 2464 versus
1612 2426 1775 2472 caelos,
1801 2434 1844 2465 et
1874 2440 1964 2467 non
1997 2429 2070 2469 lux

422 2494 591 2521 eorum.
654 2511 664 2522 .
688 2512 696 2521 .
719 2512 729 2521 .
752 2511 761 2520 .
822 2481 923 2520 Vidi
954 2493 1054 2520 cum
1085 2493 1184 2519 ecce
1215 2480 1393 2519 Carmel
1423 2481 1659 2530 desertum,
1687 2488 1730 2518 et
1759 2493 1916 2520 omnes
1937 2485 2069 2523 urbes

419 2533 564 2587 [ejus]
595 2536 822 2575 desolatae
847 2543 951 2575 sunt
972 2548 1122 2574 coram
1142 2535 1358 2587 Jehovah.
1422 2566 1430 2574 .
1455 2566 1464 2574 .
1486 2566 1496 2574 .
1518 2566 1527 2574 .
1591 2535 1705 2585 Quia
1726 2535 1788 2573 sic
1809 2536 1918 2576 dixit
1937 2537 2070 2588 Jeho-

422 2590 737 2638 vah,.Vastitas
758 2591 842 2629 erit
861 2597 956 2629 tota
976 2598 1094 2629 terra
1112 2602 1121 2636 ;
1151 2589 1582 2629 consummationem
1600 2597 1748 2628 tamen
1767 2602 1858 2629 non
1879 2590 2037 2631 faciam
2058 2604 2067 2640 ;

421 2653 657 2695 propterea
686 2645 853 2695 lugebit
883 2652 1012 2691 terra,
1037 2652 1081 2683 et
1110 2645 1239 2684 atrati
1269 2652 1398 2683 erunt
1428 2644 1537 2682 caeli
1564 2644 1767 2693 desuper.
1829 2675 1838 2684 .
1862 2675 1871 2684 .
1894 2675 1903 2685 .
1925 2675 1935 2686 .
1998 2646 2067 2686 Tu

422 2712 529 2750 ergo
549 2707 738 2746 vastata,
763 2700 867 2751 quid
888 2699 1023 2738 facies
1037 2698 1079 2739 ?”
1109 2698 1287 2750 (Jerem.
1308 2701 1365 2738 iv.
1388 2709 1517 2746 23—31
1539 2710 1546 2745 ;
1579 2710 1672 2748 cap.
1695 2711 1735 2738 v,
1767 2710 1828 2746 10,
1853 2699 1900 2737 18
1919 2698 1946 2749 ς)

289 2755 318 2772 “
333 2754 549 2794 Ascendit
578 2754 648 2793 leo
670 2767 694 2793 e
713 2761 898 2804 vepreto
919 2767 1014 2801 suo,
1040 2761 1083 2793 et
1113 2754 1309 2803 perditor
1328 2753 1526 2803 gentium
1546 2784 1554 2792 .
1578 2784 1586 2792 .
1609 2783 1618 2792 .
1639 2753 1773 2792 exivit
1803 2765 1826 2791 e
1856 2753 1954 2792 loco
1984 2765 2065 2792 suo

419 2809 476 2848 ad
506 2809 795 2859 redigendum
817 2816 980 2847 terram
1011 2810 1055 2847 in
1078 2809 1332 2847 vastitatem
1354 2819 1362 2854 ;
1395 2837 1405 2847 .
1427 2838 1436 2846 .
1459 2838 1468 2847 .
1491 2838 1500 2847 .
1522 2808 1566 2846 in
1588 2807 1658 2846 die
1683 2807 1758 2846 illo
1778 2837 1786 2846 .
1810 2838 1818 2846 .
1842 2838 1851 2846 .
1874 2837 1884 2847 .
1906 2808 2064 2857 peribit

419 2876 496 2903 cor
516 2864 647 2914 regis,
668 2871 712 2903 et
727 2875 804 2902 cor
822 2863 1086 2914 principum,
1106 2871 1150 2902 et
1169 2864 1482 2912 obstupescent
1502 2862 1750 2902 sacerdotes
1763 2860 1787 2876 ’'
1803 2861 1981 2913 (Jerem.
2003 2862 2059 2902 iv.

422 2927 459 2967 7.
480 2917 548 2968 9);
1872 2922 1873 2925 ’

288 2972 386 3012 “In
415 2973 487 3012 die
517 2973 593 3011 illo
615 2973 698 3011 erit
718 2972 865 3011 omnis
887 2972 1024 3019 locus,
1050 2971 1095 3010 in
1126 2984 1212 3022 quo
1237 2971 1415 3010 fuerunt
1437 2971 1556 3010 mille
1577 2970 1690 3009 vites
1696 3001 1832 3017 .....
1855 2970 1898 3008 in
1929 2971 2062 3009 senti-

419 3035 563 3066 cetum
595 3034 638 3066 et
659 3035 888 3076 vepretum
895 3057 1032 3073 .....
1053 3026 1157 3077 quia
1186 3026 1446 3065 senticetum
1477 3032 1519 3063 et
1540 3033 1771 3075 vepretum
1794 3033 1886 3063 tota
1907 3025 2059 3063 terra”

418 3080 557 3132 (Esai.
579 3082 651 3121 vii.
675 3092 738 3130 23,
761 3082 854 3131 24);

288 3136 430 3176 “Vox
458 3137 664 3175 clamoris
694 3144 935 3186 pastorum,
961 3143 1004 3175 et
1022 3166 1031 3175 .
1054 3166 1063 3175 .
1086 3165 1095 3175 .
1118 3165 1127 3175 .
1149 3135 1395 3185 potentium
1417 3134 1578 3183 gregis,
1605 3134 1707 3184 quia
1727 3141 1907 3172 vastans
1929 3132 2061 3184 Jeho-

419 3191 505 3229 vah
527 3203 738 3240 pascuum
761 3188 975 3236 eorum[¹];
1006 3190 1123 3228 unde
1145 3190 1402 3228 devastatae
1425 3196 1527 3226 sunt
1549 3188 1700 3226 caulae
1722 3189 1853 3237 pacis.
1927 3186 2059 3238 Jeho-

371 3257 374 3260 ·
417 3246 504 3284 vah
534 3245 728 3284 deseruit
762 3245 1094 3284 tabernaculum
1130 3255 1272 3290 suum,
1308 3243 1409 3293 quia
1443 3241 1621 3281 redacta
1654 3250 1721 3280 est
1756 3250 1871 3279 terra
1905 3253 2056 3280 eorum

418 3299 463 3338 in
485 3299 842 3339 desolationem”
864 3299 1042 3351 (Jerem.
1063 3311 1166 3337 xxv.
1189 3298 1339 3346 36—38)
1358 3309 1367 3343 ;

287 3353 448 3394 “Sicut
472 3354 618 3393 Schilo
640 3355 723 3392 erit
743 3354 902 3393 domus
933 3355 1054 3399 haec,
1080 3360 1124 3391 et
1157 3350 1279 3404 [urbs
1309 3348 1437 3402 haec]
1454 3350 1475 3365 ’'
1501 3350 1817 3400 Hierosolyma
1842 3350 1964 3388 “erit
1985 3350 2057 3389 de-

417 3409 608 3448 vastatio
622 3408 644 3423 ’'
666 3407 843 3460 (Jerem.
868 3408 987 3447 xxvi.
1013 3419 1065 3457 9:
1097 3419 1190 3457 cap.
1211 3406 1345 3445 xxvii.
1370 3406 1460 3454 17);

285 3461 603 3514 Hierosolyma
632 3471 676 3502 et
706 3475 863 3501 omnes
884 3464 1014 3501 urbes
1035 3461 1234 3513 Jehudae
1255 3467 1383 3498 erunt
1413 3459 1630 3498 desolatio
1661 3466 1704 3496 et
1733 3458 1980 3496 devastatio
2010 3460 2054 3497 in

416 3517 487 3556 die
502 3518 584 3556 hoc
604 3529 612 3562 :
645 3548 654 3557 .
678 3549 686 3557 .
709 3548 718 3557 .
741 3549 750 3557 .
777 3519 803 3535 ‘⁴
818 3525 998 3567 propter
1012 3517 1224 3554 malitiam
1243 3526 1425 3564 operum
1441 3521 1689 3552 vestrorum
1697 3542 1833 3558 .....
1854 3510 1973 3550 faeta
1988 3520 2054 3551 est

415 3579 533 3610 terra
567 3580 716 3610 vestra
754 3572 798 3610 in
835 3571 1175 3616 desolationem,
1215 3570 1259 3608 in
1300 3576 1540 3618 stuporem,
1580 3575 1623 3606 et
1658 3564 2017 3605 maledictionem
2032 3566 2053 3580 ''

476 3640 594 3665 erem.
617 3627 719 3665 xliv.
743 3637 764 3664 2
801 3627 826 3663 6
862 3636 912 3664 22
948 3638 956 3669 ς

285 3627 511 3719 “Τει·ξ’ἷιτι
533 3681 647 3719 dabo
670 3626 1037 3726 devastatiohem,
1063 3680 1162 3718 ideo
1184 3678 1301 3729 quod
1332 3676 1621 3727 praevaricati
1650 3683 1752 3714 sunt
1783 3675 2052 3724 praevarica-

416 3736 584 3773 tionem
599 3735 621 3748 ¹’
643 3735 810 3778 (Ezech.
832 3747 903 3773 xv.
926 3733 992 3782 8);
