2496 4250
1142 430 1228 473 DE
1251 405 1411 478 nno,
2138 432 2203 472 21

457 586 535 627 12.
588 570 758 641 Quod
789 568 958 636 mala,
992 589 1068 625 ex
1101 571 1309 624 Divina
1341 569 1704 624 Providentia
1735 587 1879 639 quae
1912 570 2087 623 etiam
2118 578 2209 623 est

697 650 1030 705 universalis
1073 651 1130 703 in
1156 649 1651 727 'singularissimiffi
1692 648 1819 718 plus
1863 657 1923 702 et
1967 648 2093 717 plus
2136 649 2210 700 ab

694 729 1054 784 interioribus
1080 736 1482 782 removeantur
1511 736 1571 781 et
1598 728 1892 795 ejiciantur
1917 728 1990 780 ad
2022 735 2206 789 extra,

694 810 879 863 et'sic
924 807 1320 860 abalienentur
1364 815 1423 860 et
1469 814 1804 874 separentur
1847 805 2211 874 nealiquam

694 903 913 940 noxam
944 886 1189 939 inferant
1221 887 1459 938 internis
1491 903 1634 954 quae
1666 893 1799 938 sunt
1831 883 2094 936 Divinafi‘·

363 1100 379 1130 l
417 1078 446 1109 ¹⁸¹
476 1079 858 1129 [ANNOTATIONES
884 1085 916 1116 Ε
939 1076 1375 1125 MARGINsst—JQuod
1396 1077 1689 1125 omnipotentia
1714 1075 1862 1113 Divina
1883 1075 1933 1113 sit
1957 1086 2030 1124 per
2055 1075 2215 1113 Huma-

343 1147 442 1189 num
469 1136 612 1186 Ipsius.
665 1136 789 1183 Quod
812 1135 892 1172 hoc
916 1134 967 1171 sit
983 1135 1157 1171 “sedere
1181 1134 1235 1171 ad
1253 1132 1476 1177 dextram,'’
1495 1138 1535 1170 et
1561 1142 1647 1170 esse
1665 1136 1688 1152 “
1702 1133 1858 1170 Primus
1884 1138 1924 1169 et
1936 1131 2154 1175 Ultimus‚”
2168 1137 2216 1170 ut

336 1192 488 1232 dicitur
499 1193 552 1231 de
566 1191 667 1230 Filio
679 1191 868 1230 Hominis
881 1191 926 1228 in
934 1190 1179 1239 Apocalypsi
1187 1203 1204 1234 ,·
1223 1194 1263 1227 et
1275 1190 1331 1226 ibi
1344 1189 1522 1238 [dicitur]
1536 1190 1648 1236 quod
1658 1189 1708 1226 sit
1720 1192 1742 1208 ¹⁶
1755 1187 2047 1236 omnipotens.''
2080 1189 2216 1227 Causa

345 1250 440 1302 [απ]
458 1251 557 1300 quia
573 1251 687 1288 Deus
702 1249 785 1298 agit
801 1261 827 1287 a
841 1248 979 1298 primis
993 1259 1068 1297 per
1083 1248 1236 1292 ultima,
1255 1253 1295 1285 et
1311 1248 1368 1286 sic
1386 1247 1564 1284 eontinet
1581 1248 1730 1285 omnia.

421 1306 622 1346 Dominus
638 1307 720 1355 agit
744 1318 771 1344 a
788 1305 927 1354 primis
949 1316 1025 1354 per
1039 1305 1181 1342 ultima
1205 1305 1315 1352 apud
1331 1304 1535 1348 homines;
1567 1315 1651 1340 non
1674 1314 1749 1351 per
1765 1303 1916 1350 aliquid
1939 1302 2125 1348 hominis,
2142 1303 2216 1340 sed

342 1375 418 1414 per
433 1374 552 1402 suum
569 1363 612 1400 in
635 1363 718 1402 illo.
769 1362 894 1410 Apud
911 1362 1091 1411 Judaeos
1108 1361 1189 1408 egit
1208 1371 1283 1409 per
1298 1361 1480 1398 Verbum
1498 1360 1608 1408 apud
1625 1359 1725 1404 illos,
1745 1359 1800 1396 ita
1815 1370 1889 1408 per
1904 1370 2044 1403 suum:
2075 1369 2150 1407 per
2172 1359 2217 1397 id

344 1421 465 1459 etiam
482 1419 574 1458 fecit
589 1419 782 1458 miracula
796 1429 870 1468 per
887 1418 1018 1456 Eliam
1039 1423 1079 1455 et
1105 1417 1330 1461 Elisaeum;
1358 1417 1430 1454 sed
1446 1417 1542 1463 quia
1565 1416 1713 1466 Judaei
1729 1421 2004 1464 perverterunt
2019 1415 2215 1461 Verbum,

144 1460 219 1511 ’ξ
241 1520 244 1527 .
265 1478 272 1484 ’
315 1519 332 1526 ,.
344 1477 455 1516 venit
471 1477 564 1526 Ipse
582 1476 706 1520 Deus,
725 1481 766 1514 et
782 1479 805 1495 ‘⁴
817 1475 1014 1513 Ultimum
1028 1473 1050 1488 ’⁹
1070 1474 1124 1512 Se
1139 1474 1244 1512 fecit.
1298 1474 1363 1512 Ita
1378 1479 1475 1511 tunc
1492 1485 1543 1510 ex
1559 1473 1613 1511 Se
1629 1473 1722 1510 fecit
1738 1473 1942 1510 miracula.

421 1533 545 1581 Quod
569 1533 620 1570 sit
645 1533 759 1571 Ordo
783 1532 958 1581 primum
976 1537 1143 1576 creatus,
1161 1531 1383 1569 secundum
1402 1541 1524 1578 quem
1541 1535 1634 1578 aget
1660 1529 1783 1567 Deus.
1838 1528 1974 1576 Quare
1993 1529 2085 1577 Ipse
2103 1528 2216 1565 Deus

119 1584 142 1643 [εἰ
155 1579 218 1639 ‚³2³
345 1588 399 1636 Se
415 1583 508 1629 feeit
525 1587 732 1629 Ordinem.
