2496 4250
511 449 591 488 ET
631 449 771 503 EJUs
811 448 1139 489 DOCTRINA
1178 450 1631 490 CAELEST1.-—N.
1667 440 1783 504 278.
1991 432 2079 483 161

318 586 464 646 Quod
491 587 594 630 vita
624 600 655 631 a
683 587 899 631 Domino
926 587 1105 630 influat
1132 588 1262 644 apud
1290 588 1504 645 angelos,
1531 588 1732 644 spiritus
1766 595 1816 632 et
1850 588 2088 637 homines,

229 645 438 690 mirabili
462 646 612 689 modo
640 648 705 700 (n.
730 646 1003 700 2886-2889,
1029 658 1155 701 3337,
1181 647 1307 701 3338,
1332 647 1458 702 3484,
1484 648 1632 701 3742).

318 703 466 762 Quod
488 703 736 748 Dominus
754 704 928 747 influat
945 718 1004 747 ex
1029 704 1211 747 Divino
1229 719 1320 748 suo
1340 706 1537 755 Amore,
1557 706 1639 761 qui
1658 705 1769 748 talis
1787 714 1862 749 est
1882 713 1935 748 ut
1954 706 2088 762 quod

228 776 374 807 suum
397 770 472 806 est
493 762 615 805 velit
637 775 743 806 esse
766 763 967 806 alterius
993 763 1056 817 (n.
1086 774 1212 816 3742,
1235 765 1386 818 4320).

317 819 466 878 Quod
493 820 656 864 omnis
682 834 821 864 amor
846 821 957 864 talis
984 821 1073 871 sit;
1112 822 1180 864 ita
1207 821 1396 864 infinite
1423 821 1577 879 magis
1606 821 1814 865 DIvinus
1839 822 1998 865 Amor
2026 824 2090 874 (n.

233 879 356 928 1820,
386 879 508 934 1865,
533 889 661 934 2253,
679 879 830 933 6872).

317 936 467 996 Quod
496 937 611 980 inde
636 945 870 994 appareat
894 937 998 981 vita
1028 938 1157 981 sicut
1190 938 1238 980 in
1272 938 1486 988 homine,
1514 946 1564 982 et
1597 952 1695 982 non
1723 938 1849 982 sicut
1883 939 2090 982 influens

231 998 296 1052 (n.
321 1006 448 1051 3742,
471 996 623 1062 4320)-
887 1054 895 1063 ,

317 1054 463 1113 Quod
488 1063 591 1098 vita
607 1062 841 1110 appareat
858 1063 986 1098 slcut
1011 1054 1058 1097 in
1082 1054 1295 1103 homine,
1313 1063 1387 1098 est
1405 1069 1601 1111 quoque
1616 1055 1731 1112 quia
1747 1069 1894 1099 causa
1913 1056 2090 1111 princi-

228 1113 351 1170 palis
369 1126 495 1170 quae
517 1121 593 1156 est
614 1113 716 1156 vita
741 1126 770 1156 a
794 1113 1022 1162 Domino,
1040 1122 1090 1156 et
1115 1127 1262 1157 causa
1285 1113 1670 1156 instrumentalis
1689 1127 1814 1170 quae
1838 1125 1912 1157 est
1935 1113 2091 1158 forma

228 1171 482 1228 recipiens,
497 1185 644 1214 unam
659 1185 855 1215 causam
871 1179 1038 1228 agunt,
1054 1185 1180 1228 quae
1193 1173 1404 1215 sentitur
1420 1172 1466 1214 in
1484 1172 1843 1215 instrumentali
1863 1174 1926 1227 (n.
1940 1173 2023 1227 632
2032 1174 2090 1228 5).

316 1230 463 1288 Quod
487 1230 806 1286 praecipuum
833 1230 1103 1286 sapientiae
1126 1238 1176 1273 et
1210 1230 1565 1287 intelligentiae
1587 1231 1874 1287 angelorum
1898 1231 1961 1274 sit
1985 1245 2091 1287 per·-

227 1289 391 1346 cipere
413 1297 464 1332 et
485 1289 610 1332 scire
633 1289 766 1345 quod
791 1303 938 1332 omne
961 1289 1091 1332 vitae
1115 1289 1179 1332 sit
1201 1303 1230 1332 a
1254 1289 1472 1332 Domino
1500 1291 1564 1343 (n.
1587 1289 1738 1344 4318).

318 1347 393 1391 De
409 1347 592 1405 gaudio
609 1347 911 1404 angelorum,
928 1356 1161 1403 percepto
1176 1357 1224 1390 et
1242 1347 1536 1391 confirmato
1552 1361 1635 1404 per
1653 1347 1898 1404 loquelam
1918 1348 1979 1391 ad
1999 1362 2090 1398 me,

227 1419 288 1450 ex
308 1419 368 1450 eo
391 1406 524 1463 quod
549 1419 648 1449 non
671 1406 841 1449 vivant
863 1420 923 1449 ex
946 1420 997 1450 se
1018 1407 1103 1450 sed
1132 1420 1191 1449 ex
1217 1406 1434 1449 Domino
1459 1407 1524 1461 (n.
1547 1406 1698 1462 6469).

365 1465 462 1509 uod
488 1464 603 1508 mali
627 1478 726 1508 non
749 1465 903 1508 velint
926 1465 1155 1508 convinci
1177 1465 1315 1521 quod
1337 1465 1441 1508 vita
1464 1465 1635 1507 influat
1662 1466 1725 1520 (n.
1752 1466 1900 1520 3743).

366 1523 466 1566 uod
499 1523 649 1566 dubia
680 1524 742 1566 de
776 1523 963 1566 influxu
998 1523 1126 1566 vitae
1158 1537 1187 1566 a
1228 1523 1444 1567 Domino
1477 1537 1577 1566 non
1611 1524 1850 1567 removeri
1885 1523 2088 1580 possint,

227 1582 463 1640 quamdiu
486 1581 720 1632 fallaciae,
745 1582 1040 1639 ignorantia,
1064 1590 1115 1625 et
1138 1582 1420 1639 negativum
1445 1590 1652 1639 regnant
1676 1586 1740 1638 (n.
1759 1582 1909 1638 6479).

317 1640 465 1699 Quod
488 1654 660 1684 omnes
682 1642 743 1684 ab
766 1640 973 1684 ecclesia
994 1641 1153 1684 sciant
1175 1641 1311 1697 quod
1334 1654 1480 1684 omne
1503 1643 1688 1684 bonum
1712 1649 1762 1684 et
1783 1655 1952 1684 verum
1978 1641 2040 1684 sit
2063 1655 2089 1684 e

226 1700 376 1749 caelo,
400 1699 496 1743 hoc
526 1708 613 1750 est,
639 1713 724 1756 per
755 1699 943 1743 caelum
977 1714 1006 1742 a
1039 1699 1161 1749 Deo,
1184 1707 1234 1742 et
1265 1700 1398 1756 quod
1431 1713 1578 1743 omne
1613 1700 1796 1742 malum
1830 1708 1880 1743 et
1913 1699 2088 1743 falsum

227 1759 291 1802 sit
313 1759 374 1802 ab
398 1757 614 1809 inferno,
605 1773 614 1782 ·
647 1767 698 1801 et
720 1767 886 1801 tamen
906 1772 1054 1801 omne
1073 1758 1203 1801 vitae
1225 1772 1277 1801 se
1301 1758 1450 1801 refert
1471 1759 1532 1800 ad
1557 1760 1741 1802 bonum
1765 1766 1815 1802 et
1837 1773 2022 1808 verum,
2041 1767 2089 1801 et

227 1817 290 1918 ag
323 1817 506 1860 malum
539 1826 589 1860 et
621 1817 811 1867 falsum,
838 1831 992 1874 usque
1025 1818 1150 1860 adeo
1182 1825 1237 1860 ut
1269 1817 1454 1873 absque
1488 1817 1581 1861 illis
1614 1817 1736 1860 nihil
1762 1817 1893 1860 vitae
1925 1818 1990 1860 sit
2024 1818 2088 1871 (n.

228 1887 254 1918 2
377 1887 429 1928 41
474 1888 487 1918 1

286 1886 465 1992 93911οὲ
494 1877 550 1977 >id
587 1948 784 1991 quoque
820 1933 973 1978 dictet
1007 1933 1278 1978 doftrinale
1310 1934 1546 1978 ecclesiae
1580 1935 1714 1991 quod
1752 1948 1812 1978 ex
1834 1933 1999 1978 Verbo
2025 1935 2088 1989 (n.

224 1995 378 2048 4249)-

315 2051 463 2154 ἕως]
488 2051 808 2096 nihilominus
832 2052 985 2095 homo
1007 2066 1107 2095 non
1134 2051 1303 2095 credat
1325 2052 1458 2108 quod
1480 2051 1585 2094 vita
1607 2051 1781 2095 influat
1807 2053 1871 2107 (n.
1894 2054 2046 2106 4249).

355 2110 367 2153 i
398 2110 785 2154 communicatio
822 2119 872 2154 et
906 2125 1060 2154 nexus
1083 2110 1357 2154 auferretur
1379 2124 1491 2153 cum
1515 2110 1768 2166 spiritibus
1805 2119 1855 2154 et
1886 2110 2087 2167 angelis,

228 2169 362 2226 quod
385 2169 537 2212 homo
560 2183 620 2212 ex
641 2177 864 2225 tempore
888 2177 1164 2212 moreretur
1188 2171 1253 2224 (n.
1279 2169 1426 2224 2887).

317 2226 464 2285 Quod
501 2227 614 2270 inde
641 2241 838 2284 quoque
866 2236 1034 2284 pateat
1059 2227 1192 2284 quod
1221 2241 1368 2270 omne
1394 2227 1524 2271 vitae
1557 2241 1586 2270 a
1619 2227 1786 2270 Primo
1815 2227 1932 2271 Esse
1958 2227 2089 2270 vitae

228 2286 415 2336 influat,
440 2286 556 2342 quia
589 2286 711 2329 nihil
749 2300 809 2329 ex
843 2300 908 2335 se,
938 2287 1023 2329 sed
1059 2300 1119 2329 ex
1156 2287 1400 2342 prioribus
1437 2300 1488 2329 se
1522 2286 1724 2335 exstitit,
1750 2286 1817 2329 ita
1838 2286 2004 2329 omnia
2040 2295 2090 2328 et

227 2345 420 2402 singula
440 2358 470 2388 a
494 2345 687 2395 Primo;
721 2354 770 2388 et
792 2345 909 2401 quia
930 2345 1057 2388 sicut
1080 2345 1269 2388 exstitit
1292 2345 1443 2388 etiarn
1467 2345 1671 2388 omnino
1693 2344 1942 2394 subsistet,
1966 2358 2089 2400 quo-

227 2403 359 2447 niam
381 2403 699 2447 subsistentia
720 2411 795 2447 est
817 2412 1054 2460 perpetua
1075 2404 1336 2447 existentia
1360 2406 1424 2458 (n.
1446 2414 1575 2458 4523,
1603 2403 1756 2458 5424[?
1778 2404 1949 2458 4524]).

316 2460 464 2519 Quod
481 2463 655 2519 angeli,
671 2462 871 2518 spiritus
890 2471 939 2505 et
958 2462 1183 2505 homines
1198 2462 1348 2505 creati
1367 2462 1466 2505 sint
1480 2463 1542 2505 ad
1562 2461 1896 2517 recipiendum
1911 2461 2062 2504 vitam
2080 2476 2090 2510 ς

228 2520 299 2564 ita
334 2521 467 2577 quod
507 2520 657 2564 modo
690 2521 1201 2576 formaerecipientes
1233 2520 1364 2564 vitae
1397 2521 1496 2564 sint
1536 2522 1600 2575 (n.
1637 2532 1762 2570 2021,
1797 2533 1927 2575 3001,
1962 2519 2088 2574 3318,

229 2590 356 2634 3344,
381 2579 508 2634 3484,
534 2590 661 2634 3742,
684 2590 813 2634 4151,
841 2590 965 2645 5114,
994 2579 1150 2646 5986),
1347 2637 1356 2646 ,
1400 2637 1408 2646 ,

175 2646 180 2651 '
262 2668 265 2671 -
318 2636 465 2695 Quod
508 2639 632 2682 tales
670 2638 857 2681 formae
889 2646 989 2681 slnt
1020 2638 1230 2694 quahter
1261 2645 1504 2694 reclpiunt
1538 2638 1602 2692 (n.
1638 2637 1766 2687 2888,
1801 2649 1927 2692 3001,
1963 2637 2088 2692 3484,

233 2696 359 2752 5847,
386 2696 510 2763 5986„
537 2697 666 2749 6467,
689 2696 840 2763 6472)-
948 2755 956 2763 ,
990 2755 998 2763 ,

318 2753 466 2812 Quod
486 2756 597 2798 1de0
621 2755 860 2804 hommes,
884 2763 1098 2810 spiritus,
1123 2763 1172 2798 et
1197 2755 1358 2811 angeli
1380 2754 1504 2798 tales
1526 2754 1638 2803 sint,
1662 2754 1829 2810 quales
1851 2762 1967 2797 sunt
1994 2752 2090 2796 for-

230 2827 339 2857 mae
362 2813 653 2870 recipientes
675 2814 806 2857 vitae
828 2827 857 2856 a
881 2813 1098 2856 Domino
1124 2815 1187 2869 (n.
1213 2813 1339 2862 2888,
1367 2813 1491 2868 5847,
1520 2813 1645 2867 5986,
1669 2813 1797 2865 6467,
1821 2813 1971 2866 6472).

319 2871 467 2929 Quod
491 2872 643 2916 homo
675 2873 745 2915 ita
765 2881 958 2915 creatus
991 2872 1067 2921 sit,
1092 2881 1148 2914 ut
1181 2872 1227 2914 in
1264 2871 1448 2915 intimis
1480 2871 1593 2920 suis,
1618 2879 1667 2914 et
1701 2872 1814 2914 inde
1848 2871 1895 2912 in
1923 2871 2089 2913 subse-

230 2930 494 2987 quentibus
517 2931 703 2981 ordine,
723 2931 938 2986 recipere
961 2931 1116 2986 possit
1142 2930 1393 2979 Divinum,
1412 2938 1462 2972 et
1484 2930 1663 2972 elevari
1687 2930 1747 2972 ad
1775 2929 2020 2977 DIVinum,
2040 2937 2089 2971 et

229 2989 463 3046 conjungi
487 2989 671 3032 Div‘ino
694 3003 780 3046 per
805 2990 990 3032 bonum
1018 2989 1198 3032 amoris
1221 2997 1270 3032 et
1291 3002 1407 3032 vera
1432 2988 1559 3037 fidei,
1583 2996 1633 3031 et
1660 2988 1793 3044 quod
1822 2987 1932 3030 ideo
1954 2987 2089 3030 vivat

231 3047 280 3091 in
303 3055 571 3098 aeternum,
594 3061 735 3091 secus
757 3061 814 3091 ac
837 3048 1022 3091 bestiae
1048 3049 1112 3100 (n.
1139 3047 1285 3102 5114).

319 3154 467 3212 Quod
493 3155 597 3199 vita
622 3169 651 3199 a
678 3155 896 3199 Domino
918 3155 1067 3199 etiam
1093 3155 1266 3197 influat
1292 3154 1421 3210 apud
1446 3154 1613 3203 malos,
1643 3153 1711 3196 ita
1736 3165 1932 3209 quoque
1959 3153 2087 3208 apud

231 3213 340 3258 illos
362 3213 445 3270 qui
469 3214 518 3256 in
543 3213 734 3258 inferno
760 3222 875 3257 sunt
901 3216 964 3268 (n.
991 3214 1116 3266 2706,
1143 3224 1268 3267 3743,
1291 3223 1419 3265 4417,
1445 3212 1618 3266 10196).

319 3272 416 3316 Sed
444 3273 577 3329 quod
606 3273 674 3315 illi
702 3273 886 3315 bonum
913 3281 1108 3316 vertant
1136 3273 1184 3314 in
1213 3272 1407 3319 malum,
1435 3284 1492 3313 ac
1518 3284 1687 3313 verum
1722 3269 1770 3312 in
1804 3268 1992 3318 falsum,
2022 3268 2089 3311 ita

228 3330 381 3374 vitam
411 3331 459 3373 in
486 3339 695 3374 mortem
718 3331 1048 3386 spiritualem;
1082 3344 1194 3373 nam
1218 3329 1375 3385 qualis
1399 3330 1562 3378 homo,
1585 3329 1696 3371 talis
1720 3327 1936 3383 receptio
1958 3327 2087 3370 vitae

225 3391 298 3444 .(n
320 3401 448 3444 4319
471 3401 600 3444 4320
623 3391 774 3443 4417)

314 3446 462 3505 Quod
490 3449 620 3490 bona
646 3456 696 3491 et
720 3461 838 3491 vera
868 3461 898 3491 a
931 3447 1149 3491 Domino
1177 3446 1326 3490 etiam
1352 3445 1535 3502 jugiter
1559 3445 1690 3501 apud
1724 3444 1832 3487 illos
1860 3443 2090 3494 influant;

230 3506 316 3550 sed
340 3506 474 3561 quod
498 3506 581 3548 illa
599 3507 678 3549 vel
701 3506 938 3562 rejiciant,
961 3506 1039 3549 vel
1062 3505 1318 3553 suffocent,
1342 3504 1418 3546 vel
1447 3511 1728 3559 pervertant
1754 3504 1818 3557 (n
1842 3503 1991 3568 3743).

319 3562 466 3621 Quod
491 3563 585 3607 illis
607 3565 690 3620 qui
714 3564 763 3606 in
786 3564 926 3607 malis
944 3573 993 3607 et
1016 3564 1129 3607 inde
1148 3563 1281 3606 falsis
1303 3570 1432 3610 sunt,
1453 3575 1551 3604 non
1569 3562 1672 3605 vita
1689 3561 1830 3605 realis
1848 3561 1938 3611 sit;
1972 3574 2089 3617 qua-

217 3621 289 3672 ,lis
316 3622 398 3665 illa
420 3623 486 3677 (n.
510 3622 608 3676 726,
635 3622 764 3678 4623,
786 3623 945 3678 4742[?
967 3620 1503 3678 4747]‚10284,10286).
