2430 4256
590 446 927 489 INVITATIO
967 447 1053 486 AD
1095 446 1319 486 NOVAM
1361 446 1730 488 ECCLESIAM.
2020 451 2083 503 91

224 600 311 644 est
334 591 604 652 Verbum,
629 599 685 642 et
708 598 794 642 est
822 590 940 656 ipsa
963 589 1091 640 Lux
1114 607 1256 656 quae
1278 589 1556 640 illuminat
1580 598 1764 641 totum
1787 592 2055 644 mundum
2077 612 2089 657 ;

223 679 281 723 et
314 679 506 722 tamen
539 668 881 736 impossibile
914 676 1002 720 est
1034 686 1108 719 ex
1137 668 1332 719 Verbo
1365 669 1553 720 videre
1586 687 1754 720 unum
1787 671 2091 736 genuinum

222 765 414 800 verum
449 749 551 800 nisi
584 748 733 815 quod
767 747 1223 798 circumobsitum
1256 755 1314 798 et
1346 748 1697 815 inquinatum
1731 757 1817 800 est
1850 749 2000 800 falsis
2033 757 2090 802 et

223 828 532 879 cohaerens
579 843 705 878 cum
747 826 914 886 falsiS,
956 827 1099 878 sicut
1139 833 1226 877 est
1267 827 1534 893 navigare
1571 827 1643 878 ad
1690 827 1961 890 PleiadeS,
1995 836 2092 881 aut

222 923 414 958 aurum
465 923 505 956 5.
558 905 707 972 quod
763 905 817 954 in
870 912 1067 956 centro
1118 912 1302 956 terrae
1353 913 1440 957 est
1493 923 1724 958 eruere:
1790 924 1976 973 quare,
2030 916 2090 959 ut

222 1003 354 1036 vera
394 984 711 1037 Christiana
750 983 947 1050 religio
985 985 1310 1051 aperiretur,
1353 1002 1465 1036 non
1505 986 1689 1052 potuit
1729 986 1893 1037 aliter
1925 1003 2090 1054 quam

223 1073 283 1116 ut
322 1065 443 1131 quis
486 1065 540 1114 in
579 1063 848 1114 mundum
888 1062 1236 1129 spiritualem
1275 1064 1742 1126 introduceretur,
1784 1073 1841 1116 et
1882 1083 1955 1116 ex
1996 1083 2092 1117 ore

224 1142 452 1194 Domini
497 1142 743 1193 hauriret
788 1142 1033 1207 genuina
1072 1159 1204 1192 vera
1243 1159 1317 1192 ex
1358 1142 1567 1194 Verbo.
1663 1144 1938 1195 Dominus
1979 1160 2092 1195 non

225 1229 417 1288 potest
450 1221 691 1288 aliquem
725 1219 934 1270 lumine
966 1237 1067 1271 suo
1098 1219 1393 1282 illustrare,
1429 1222 1531 1272 nisi
1566 1222 1890 1274 immediate
1922 1224 2091 1275 adea-

223 1307 330 1362 tur,
364 1307 423 1351 et
455 1294 714 1368 pro‘Deo
747 1298 887 1350 caeli
919 1307 1280 1365 agnoscatur.

333 1450 470 1520 (39.)
523 1451 691 1518 Quod
719 1450 986 1502 miracula
1014 1451 1181 1502 hodie
1210 1468 1322 1503 non
1355 1451 1509 1513 fiant,
1540 1461 1772 1520 propter
1799 1470 1994 1504 causas
2023 1454 2093 1506 de

223 1531 419 1598 quibus
451 1531 507 1581 in
549 1530 693 1582 Vera
729 1530 1062 1582 Christiana
1095 1530 1380 1597 Relzgz'one
1414 1529 1490 1597 [n.
1528 1531 1650 1599 501]
1675 1550 1687 1595 ;
1729 1550 1897 1599 quare
1931 1530 2094 1585 [¹¹Do-

223 1611 403 1660 minus
446 1609 675 1677 (Mattlc.
716 1612 874 1661 xxiv.
905 1610 995 1677 24)
1041 1611 1176 1661 dicit
1217 1611 1366 1677 quod
1406 1609 1704 1662 seductura
1743 1613 1870 1663 sint.
1947 1613 2092 1664 Tum

222 1689 353 1757 quid
399 1690 749 1740 communius
789 1690 938 1755 apud
985 1689 1609 1742 Romano-Catholicos
1649 1708 1815 1758 quam
1861 1691 2093 1759 implere

223 1777 590 1820 monumenta
609 1766 947 1829 sanctorum,
968 1777 1025 1820 et
1049 1770 1290 1835 parietes
1310 1771 1776 1820 monasteriorum
1796 1771 2091 1833 miraculiS,

223 1855 361 1914 quot
383 1863 496 1898 non
526 1848 766 1898 laminae
788 1865 989 1898 aureae
1013 1856 1070 1898 et
1098 1856 1406 1913 argenteae
1434 1849 1487 1898 in
1511 1858 1880 1900 monumento
1903 1849 2092 1902 Anto-

223 1927 297 1977 nii
325 1926 583 1977 Paduae?
660 1925 807 1992 Quid
837 1943 948 1977 non
978 1927 1067 1977 ubi
1095 1935 1210 1977 tres
1239 1925 1537 1993 Sapientes
1566 1928 1825 1979 dicuntur
1850 1929 2092 1996 sepulti?

228 2003 383 2073 [quid
412 2005 552 2073 non]
583 2006 834 2072 Pragae?
875 2007 1006 2072 quid
1036 2024 1148 2057 non
1176 2006 1343 2057 alibi?
1414 2006 1562 2073 Quid
1591 2008 1719 2058 inde
1747 2007 1896 2059 aliud
1926 2025 2091 2076 quam

225 2083 542 2135 elusiones?
617 2081 776 2136 [²¹Tot
817 2085 924 2135 illis
964 2085 1243 2136 miraculis
1283 2085 1406 2152 plus
1447 2094 1550 2147 est,
1593 2087 1742 2153 quod
1788 2088 1844 2137 in
1884 2087 2095 2138 mundo

223 2163 494 2230 spirituali
534 2163 732 2231 loquor
763 2181 889 2214 cum
923 2164 1140 2230 angelis
1173 2172 1230 2215 et
1263 2165 1564 2231 spiritibuS,
1598 2166 1747 2232 quod
1781 2166 2091 2233 descripse-

223 2259 342 2293 ram
370 2251 554 2294 status
582 2243 720 2294 caeli
748 2251 805 2294 et
839 2243 1050 2303 inferni,
1082 2252 1139 2294 et
1167 2245 1317 2294 vitae
1346 2252 1474 2310 post
1504 2253 1763 2305 mortem,
1794 2253 1914 2296 tum
1943 2244 2092 2312 quod

223 2322 357 2373 mihi
406 2330 632 2389 apertus
677 2323 748 2373 sit
796 2340 991 2373 sensus
1039 2323 1340 2390 spiritualis
1387 2323 1580 2384 Verbi,
1629 2332 1852 2390 praeter
1898 2324 2089 2391 plura:

223 2401 330 2452 hoc
359 2402 756 2452 commercium
786 2402 923 2452 nulli
955 2403 1121 2469 priuS,
1153 2411 1425 2470 quantum
1454 2404 1588 2464 scio,
1619 2421 1651 2454 a
1685 2404 1931 2454 Domino
1959 2421 2095 2455 con·

225 2497 444 2532 cessum
476 2480 576 2532 fuit
599 2482 892 2532 2—indicia
925 2482 1074 2549 quod
1114 2482 1220 2533 hoc
1258 2490 1488 2549 propter
1521 2500 1725 2533 novam
1759 2483 2094 2545 Ecclesiam,

227 2577 368 2627 quae
401 2576 610 2611 corona
642 2568 728 2611 est
762 2561 1008 2611 omnium
1043 2560 1444 2622 Ecclesiarum,
1479 2570 1536 2612 et
1570 2579 1711 2628 quae
1745 2562 2010 2612 duratura
2041 2563 2096 2613 in

225 2638 779 2706 aeternum.—Quod
807 2658 930 2691 esse
963 2641 1017 2691 in
1051 2641 1262 2699 mundo
1290 2641 1578 2707 spirituali,
1609 2642 1798 2692 videre
1826 2641 2098 2692 mirabilia

225 2717 383 2779 caeli,
407 2726 465 2770 et
493 2719 809 2770 miseranda
837 2720 1051 2781 inferni,
1082 2728 1140 2771 et
1168 2721 1242 2771 ibi
1269 2721 1322 2771 in
1350 2721 1471 2788 ipsa
1498 2721 1620 2772 luce
1650 2721 1878 2772 Domini
1905 2722 1960 2772 in
1988 2738 2096 2789 qua

226 2806 356 2849 sunt
384 2797 587 2864 angeli,
618 2807 871 2865 praestat
899 2799 1159 2850 omnibus
1191 2799 1488 2851 miraculis,
1564 2800 1920 2851 Testimonia
1946 2799 2096 2868 quod

225 2876 299 2928 ibi
331 2878 453 2939 sim,
488 2878 785 2928 videantur
815 2879 871 2928 in
904 2879 1064 2946 copia
1096 2879 1152 2929 in
1185 2878 1337 2930 libris
1370 2879 1525 2930 meis,

335 3031 469 3100 (40.)
526 3033 693 3100 Quod
722 3035 981 3086 Ecclesia
1006 3053 1064 3086 se
1093 3037 1147 3086 in
1171 3037 1346 3087 tantis
1369 3036 1518 3087 falsis
1540 3037 1873 3087 immerserit
1896 3043 1955 3087 ut
1984 3053 2096 3088 non

226 3111 452 3179 aliquod
474 3131 666 3164 verum
696 3124 980 3180 superstes
1009 3116 1097 3174 sit,
1122 3123 1180 3165 et
1209 3115 1357 3182 quod
1386 3116 1457 3166 sit
1486 3116 1628 3166 sicut
1652 3116 1807 3166 navis
1831 3115 2096 3182 naufraga

227 3191 379 3257 cujus
418 3192 550 3243 mali
595 3195 890 3244 summitas
929 3194 1110 3244 solum
1151 3202 1365 3254 exstat,
1408 3202 1494 3245 est
1544 3195 1706 3245 unica
1746 3211 1929 3255 causa,
1970 3196 2096 3260 quia

227 3267 499 3321 hactenus
526 3288 638 3322 non
666 3273 960 3324 adiverunt
990 3273 1294 3323 Dominum
1323 3274 1681 3335 immediate3
1723 3282 1780 3324 et
1808 3289 1934 3323 cum
1969 3273 2096 3339 Ipse

227 3365 340 3399 non
371 3350 698 3402 immediate
726 3352 926 3413 aditur,
957 3369 1070 3403 non
1104 3360 1296 3418 potest
1325 3351 1498 3402 ullum
1528 3368 1719 3402 verum
1754 3353 1808 3401 in
1842 3369 1940 3402 sua
1971 3351 2095 3402 luce

227 3444 531 3494 apparere:
586 3447 752 3480 causa
791 3438 877 3481 est
918 3431 1045 3497 quia
1091 3431 1365 3481 Dominus
1404 3438 1492 3481 est
1532 3430 1800 3490 Verbum,
1843 3430 1948 3480 hoc
1989 3438 2093 3491 est,

228 3522 394 3557 omne
441 3507 706 3559 Divinum
746 3509 960 3560 Verum
1006 3511 1060 3560 in
1102 3509 1313 3570 Verb0,
1355 3518 1412 3560 et
1460 3509 1611 3560 solus
1651 3518 1738 3560 est
1786 3509 1913 3559 Lux
1954 3526 2095 3574 quae

228 3583 504 3637 illuminat
533 3603 746 3646 ornneS,
777 3596 837 3639 ut
872 3588 999 3654 Ipse
1027 3589 1231 3650 docet;
1272 3596 1328 3639 et
1358 3604 1525 3639 omne
1553 3603 1745 3638 verum
1774 3587 1948 3637 Verbi
1982 3603 2092 3637 non

229 3662 378 3714 lucet
410 3664 631 3715 aliunde
665 3684 829 3732 quarn
867 3684 898 3716 a
937 3667 1062 3718 solo
1102 3667 1362 3717 Domino.
1439 3666 1544 3716 Illa
1583 3666 1680 3715 lux
1715 3674 1800 3716 est
1835 3683 1975 3731 quae
2008 3666 2090 3715 in-

229 3741 500 3808 telligitur
539 3761 637 3809 per
667 3744 986 3811 spirituale;
1028 3763 1197 3812 quare
1233 3761 1359 3795 cum
1398 3745 1494 3795 illa
1533 3744 1631 3795 lux
1671 3761 1784 3795 non
1825 3741 1948 3794 [³Jilli
1981 3752 2088 3804 est,
