2496 4250
470 447 568 499 132
994 447 1076 486 DE
1117 447 1289 486 NOVA
1331 448 1785 489 HIEROSOLYMA

560 593 707 650 227.
757 582 895 634 Vita
922 584 1166 634 hominis
1195 592 1324 649 post
1349 593 1593 636 mortem
1622 595 1709 637 est
1738 588 1856 637 vita
1883 589 2090 639 amoris
2117 596 2175 640 θῖ
2202 590 2320 641 vita

462 658 589 710 fidei
622 661 771 725 ejus3
818 661 947 710 inde
981 661 1159 727 qualis
1201 662 1249 710 ei
1290 678 1447 711 amor
1479 662 1656 713 fuerat
1697 672 1754 714 et
1794 664 1973 730 qualis
2006 664 2161 725 fides,
2197 683 2323 717 cum

461 739 606 788 vixit
634 739 688 787 in
713 739 940 796 mundO,
967 739 1097 788 talis
1122 741 1168 788 ei
1194 741 1310 789 vita
1333 749 1525 791 manet
1556 742 1609 790 in
1634 751 1958 792 aeternum:
1989 744 2106 794 vita
2128 745 2323 795 inferni

462 824 551 867 est
597 816 706 866 illis
754 818 846 882 qui
892 834 950 867 se
997 825 1054 867 et
1103 818 1372 867 mundum
1414 836 1578 885 super
1616 822 1805 870 omnia
1844 830 2212 884 amaverunt;
2265 831 2323 873 et

461 895 580 944 vita
609 894 749 944 caeli
783 894 891 944 illis
919 896 1010 961 qui
1039 895 1222 945 Deum
1252 913 1416 962 super
1444 899 1632 947 omnia
1655 907 2006 959 amaverunt,
2037 907 2095 950 et
2130 901 2322 966 proxi-

463 989 615 1022 mum
648 974 792 1023 sicut
827 990 886 1023 se
918 975 1131 1039 ipsum:
1178 975 1232 1023 hi
1266 982 1395 1025 sunt
1430 977 1520 1041 qui
1553 975 1721 1026 fidem
1755 976 1986 1037 habent,
2021 978 2101 1028 illi
2132 986 2324 1029 autem

462 1051 553 1116 qui
598 1050 765 1100 fidem
813 1067 924 1101 non
952 1051 1182 1102 habent.
1251 1052 1388 1103 Vita
1428 1053 1569 1103 caeli
1616 1062 1703 1104 est
1749 1072 1891 1121 quae
1930 1063 2167 1105 vocatur
2205 1057 2326 1106 vita

465 1137 729 1191 aeterna;
772 1137 829 1179 et
863 1130 978 1180 vita
1010 1130 1205 1180 inferni
1240 1139 1326 1181 est
1361 1149 1503 1197 quae
1535 1131 1772 1183 vocatu'r
1805 1150 1953 1183 mors
1986 1134 2305 1199 spiritualis.

562 1204 717 1257 228.
769 1205 939 1270 Quod
977 1205 1151 1255 homo
1184 1217 1314 1272 post
1349 1215 1593 1257 mortem
1626 1209 1800 1269 vivat,
1835 1210 2005 1260 docet
2035 1209 2322 1273 Verbum;

463 1289 543 1342 ut,

545 1393 675 1444 Quod
699 1394 820 1432 Deus
843 1407 932 1432 non
955 1396 1011 1434 sit
1034 1404 1307 1434 mortuorum
1333 1396 1465 1442 Deus,
1489 1397 1566 1435 sed
1588 1397 1831 1435 viventium
1854 1397 2031 1447 (Asattb.
2053 1399 2154 1438 xxii.
2178 1399 2271 1446 31);
2301 1435 2306 1438 .

546 1447 677 1499 Quod
709 1448 900 1487 Lazarus
931 1457 1032 1498 post
1063 1458 1251 1488 mortem
1284 1451 1327 1488 in
1359 1451 1529 1489 caelum
1556 1452 1755 1490 sublatus
1786 1453 1855 1499 sit,
1883 1453 2007 1491 dives
2038 1462 2186 1492 autem
2217 1465 2323 1492 con·

680 1501 823 1552 je6³ms
845 1504 889 1541 in
912 1503 1134 1541 infernum
1156 1504 1274 1552 (Luc.
1298 1505 1382 1543 xvi.
1408 1515 1469 1551 22,
1494 1515 1556 1553 23,
1579 1506 1710 1556 seq.);

546 1556 677 1607 Quod
702 1557 998 1604 Abrahamus,
1024 1557 1174 1596 Isacus
1199 1566 1242 1597 et
1271 1558 1464 1609 Jacobus
1490 1560 1548 1598 ibi
1574 1561 1663 1598 sint
1683 1560 1860 1608 (Matth.
1887 1561 1975 1600 viii.
2001 1571 2074 1607 11;
2104 1573 2197 1612 cap.
2220 1563 2322 1601 xxii.

683 1622 746 1659 31,
770 1622 847 1659 32;
879 1612 982 1651 Luc,
1004 1625 1074 1650 xx.
1098 1622 1162 1660 37,
1185 1614 1275 1661 38);

546 1665 676 1717 Quod
697 1665 826 1716 Jesus
848 1666 1006 1705 dixerit
1026 1667 1082 1705 ad
1103 1667 1333 1713 latronem,
1354 1669 1376 1684 “
1390 1666 1536 1706 Hodie
1561 1667 1738 1707 Mecum
1761 1669 1847 1707 eris
1869 1670 1913 1708 in
1937 1670 2143 1719 paradiso
2159 1669 2182 1684 ”
2204 1669 2324 1717 (Luc.

680 1720 799 1759 xxiii.
821 1723 905 1769 43).

551 1956 698 2003 229.
742 1947 1099 2004 Supersedetur
1136 1948 1216 1994 hic
1252 1949 1436 2005 aliquid
1474 1963 1534 1992 ex
1569 1951 1784 1993 Arcanis
1820 1951 2101 1994 Caelestz'bus
2135 1951 2325 2002 afferre,

466 2014 699 2070 quoniam
735 2015 817 2057 illa
848 2029 972 2072 quae
1006 2014 1412 2058 resurrectionem
1446 2024 1496 2059 et
1527 2016 1681 2076 vitam
1716 2017 1931 2060 hominis
1965 2026 2077 2073 post
2114 2026 2325 2062 mortem

466 2090 785 2131 concernunt,
826 2082 874 2124 in
917 2095 1065 2138 opere
1103 2083 1179 2124 De
1218 2083 1352 2126 Caelo
1389 2087 1434 2124 et
1473 2083 1677 2140 Inferna
1718 2084 1861 2139 plene
1898 2093 2152 2128 ostensum
2195 2094 2324 2129 sunt.

463 2147 740 2191 Videantur
763 2149 928 2205 itaque
951 2149 999 2191 in
1022 2163 1085 2198 eo,
1105 2163 1252 2205 opere
1276 2159 1539 2206 sequentes
1559 2150 1752 2193 articuli
1772 2164 1842 2193 :—

820 2249 886 2303 (i.)
933 2249 1074 2305 Quod
1085 2251 1404 2303 unusquisque
1419 2249 1572 2291 Homo
1588 2252 1654 2292 sit
1677 2250 1895 2306 Spiritus
1911 2251 2072 2306 quoad
2088 2253 2325 2294 interiora

1050 2322 1136 2350 sua
1184 2322 1227 2350 n.
1251 2319 1280 2359 4
1313 2308 1490 2360 2—444).

801 2366 885 2420 (ii.)
931 2367 1005 2407 De
1026 2311 1252 2418 Hominis
1267 2320 1640 2408 l33esuscitatione
1660 2381 1688 2408 a
1712 2368 1941 2416 Mortuis,
1959 2382 2016 2410 ac
2035 2368 2251 2411 Introitu
2273 2371 2325 2410 in

1067 2426 1229 2466 Vitam
1251 2430 1494 2467 aeternam
1521 2428 1586 2480 (n.
1601 2426 1840 2480 445—452).

787 2483 890 2538 (iii.)
938 2484 1078 2540 Quod
1099 2484 1252 2525 Homo
1269 2487 1381 2538 post
1401 2489 1593 2525 mortem
1618 2486 1684 2525 sit
1706 2487 1757 2525 in
1774 2485 1990 2541 perfetta
2013 2485 2192 2527 Forma
2215 2485 2324 2527 Hu-

1050 2556 1194 2583 mana
1221 2545 1285 2596 (n.
1308 2553 1362 2596 45
1370 2542 1548 2596 3-460).
2192 2550 2196 2554 '

791 2600 889 2653 (iv.)
937 2601 1076 2656 Quod
1088 2601 1241 2643 Homo
1254 2604 1363 2655 post
1379 2605 1571 2642 mortem
1589 2603 1655 2642 sit
1671 2603 1722 2642 in
1740 2603 1872 2643 omni
1886 2601 2044 2650 Sensu,
2063 2602 2128 2643 M
2126 2604 2321 2650 emorja,

1052 2660 1358 2715 Cogitatione,
1385 2660 1429 2700 A
1421 2660 1656 2714 ffet‘hone,
1684 2661 1737 2700 in
1769 2661 1935 2714 quibus
1960 2662 2012 2701 in
2040 2661 2212 2702 mundo
2224 2677 2244 2710 ,·
2278 2666 2324 2702 et

1046 2718 1175 2772 quod
1191 2718 1324 2759 nihil
1335 2718 1580 2772 relinquat
1591 2721 1793 2773 praeter
1813 2723 2035 2760 terrestre
2054 2732 2190 2760 suum
2212 2720 2324 2762 Cor-

1041 2780 1136 2831 pus
1162 2778 1225 2831 (n.
1250 2776 1489 2831 461—469).

807 2834 888 2889 (v.)
936 2835 1072 2890 Quod
1091 2836 1244 2876 Homo
1265 2837 1331 2876 sit
1342 2838 1453 2890 post
1474 2839 1680 2883 mortem,
1699 2835 1857 2889 qualis
1878 2835 1981 2890 ejus
2011 2836 2124 2877 Vita
2133 2836 2249 2892 fuit
2270 2838 2322 2877 in

1050 2894 1235 2935 [Mundo
1261 2896 1324 2943 (n.
1348 2893 1586 2945 470—484).

760 2952 861 3006 (vi.)
908 2952 1046 3007 Quod
1083 2952 1308 3009 Jucunda
1347 2953 1388 2994 V
1386 2954 1483 2993 itae
1515 2951 1770 3010 1¹chcs'usvis
1800 2956 2055 2993 vertantur
2086 2954 2138 2994 in
2169 2966 2324 2995 corre-

1047 3012 1327 3065 spondentia
1353 3012 1418 3063 (n.
1440 3010 1497 3063 48
1505 3011 1679 3065 5—490).

770 3068 888 3123 (vii.)
932 3070 1009 3111 De
1027 3070 1198 3111 Primo
1222 3070 1364 3111 Statu
1385 3069 1614 3110 Hominis
1625 3072 1736 3123 post
1757 3073 1950 3110 mortem
1975 3070 2040 3121 (n.
2063 3068 2303 3124 491—498).

757 3126 893 3182 (viii.)
936 3128 1013 3170 De
1029 3128 1236 3170 Secundo
1255 3128 1398 3170 Statu
1415 3127 1643 3169 flominis
1655 3130 1765 3182 post
1786 3132 1979 3168 mortem
2001 3129 2066 3181 (n.
2083 3130 2322 3182 499-511).

792 3186 892 3240 (ix.)
935 3187 1010 3228 De
1036 3187 1196 3228 Tertio
1215 3187 1358 3228 Statu
1374 3186 1603 3227 Hominis
1605 3189 1724 3240 post
1741 3191 1950 3234 mortem,
1966 3187 2056 3240 qui
2072 3191 2139 3228 est
2157 3186 2325 3227 Status

1051 3245 1386 3286 Instruttionis
1416 3257 1575 3286 eorum
1609 3245 1698 3298 qui
1724 3245 1923 3285 veniunt
1948 3246 2000 3285 in
2030 3244 2220 3287 Caelum
2257 3246 2321 3298 (n.

1087 3315 1166 3344 12—
1201 3315 1255 3344 20
1280 3337 1288 3345 .

806 3363 889 3414 (x.)
936 3313 1076 3417 Quoa5
1098 3306 1287 3404 Caglugz
1316 3365 1360 3402 et
1383 3361 1638 3418 Insernum
1670 3362 1768 3402 sint
1797 3374 1856 3402 ex
1886 3361 2116 3402 Humano
2149 3360 2326 3403 Genere

1051 3421 1116 3473 (1¹·
1143 3423 1380 3475 311-317)·

555 3531 629 3575 De
661 3532 838 3574 ultimo
863 3531 1049 3587 judicio
1073 3532 1154 3585 (de
1180 3545 1279 3587 quo
1302 3531 1448 3574 etiam
1474 3529 1659 3573 ἀίἃυῐῃ
1683 3539 1758 3573 θεῖ
1783 3543 1943 3586 supra,
1972 3543 2016 3573 n.
2046 3530 2164 3583 226),
2189 3530 2321 3587 quod

465 3610 566 3640 non
603 3598 898 3640 exstiturum
937 3596 1001 3640 sit
1037 3611 1149 3640 cum
1185 3598 1387 3640 interitu
1418 3597 1849 3646 mundi,videatur
1887 3597 1933 3638 in
1971 3596 2213 3652 opusculo
2250 3596 2326 3639 De

475 3664 654 3707 Ultimo
685 3664 881 3722 Judicio
900 3669 945 3706 et
965 3665 1225 3720 Babylonia
1243 3665 1491 3713 destrutta,
1515 3677 1542 3706 a
1565 3664 1804 3720 principio
1826 3664 1887 3706 ad
1913 3663 2074 3707 finem.
