2496 4250
438 397 455 432 I
465 395 535 446 04
964 397 1047 442 DE
1087 396 1261 437 NOVA
1301 398 1758 440 HIEROSOLYMA

430 537 629 592 spiritus
647 537 670 552 ’¹
698 551 822 594 quos
855 538 945 581 sibi
978 539 1218 596 adjungit,
1253 547 1302 582 et
1333 553 1444 583 cum
1478 541 1655 597 quibus
1688 542 1961 591 revertitur,
1997 542 2285 600 intelligitur

429 604 610 646 malum
638 603 958 660 conjunctum
991 606 1148 655 bono;
1187 619 1273 661 per
1299 612 1522 649 “statum
1549 608 1656 664 ejus
1688 617 1807 652 tunc
1839 609 2058 665 pejorem
2091 610 2284 665 priori,''

428 670 717 727 intelligitur
739 670 1016 726 profanatio
1035 685 1043 714 :
1077 672 1156 715 hic
1179 686 1350 716 sensus
1373 681 1448 716 est
1474 686 1645 717 sensus
1669 674 1889 718 internus
1913 675 2089 717 horum
2111 676 2285 719 verbo-

427 751 547 785 rum,
567 751 679 780 nam
705 737 947 782 Dominus
966 753 1051 794 per
1066 740 1528 795 correspondentias
1550 741 1744 784 locutus
1762 749 1850 784 est.
1914 741 2084 785 Simile
2107 742 2285 786 intelli-

427 804 561 860 gitur
583 818 669 860 per
692 804 892 848 Domini
915 806 1066 848 verba
1086 806 1147 848 ad
1172 805 1307 848 illum
1331 820 1478 862 quem
1501 808 1692 850 sanavit
1716 808 1762 850 in
1787 808 1974 864 piscina
1998 808 2259 859 Bethesda,

501 907 521 921 υ
538 904 642 940 Eece
660 914 778 965 sanus
787 904 923 1004 (f}&21⁵
942 916 1003 948 es;
1031 916 1082 1002 1)1e
1099 917 1223 952 pecca
1240 906 1421 953 amplius,
1437 918 1487 943 ne
1502 906 1570 943 fiat
1587 907 1656 943 tibi
1670 907 1820 954 aliquid
1834 908 1944 954 quod
1961 908 2074 955 pejus
2088 914 2146 945 est
2163 919 2284 955 quam

623 965 731 1000 pnus
849 967 869 991 ο
899 983 908 992 .
927 967 963 992 v.
986 966 1033 1002 14
1064 968 1072 999 ;

424 1052 532 1086 tum
556 1057 642 1100 per
665 1045 787 1088 haec
808 1046 970 1095 verba,

498 1130 519 1144 ‘⁸
534 1127 769 1164 Occaecavit
786 1129 923 1164 oculos
941 1139 1091 1171 eorum,
1111 1134 1150 1164 et
1168 1129 1377 1165 obduravit
1395 1131 1517 1166 corda
1534 1141 1684 1173 eorum,
1700 1142 1750 1167 ne
1768 1131 1927 1168 videant
1945 1132 2069 1169 oculis
2089 1138 2128 1168 et
2146 1132 2285 1169 intelli-

622 1184 717 1224 gant
736 1179 868 1222 corde,
889 1184 928 1214 et
945 1190 987 1215 se
1005 1185 1237 1216 convertant
1255 1186 1293 1215 et
1310 1191 1448 1216 sanem
1467 1191 1535 1216 eos
1551 1180 1572 1193 ''
1595 1180 1716 1230 (Jolz.
1735 1182 1800 1218 xii.
1819 1182 1886 1229 40)
1902 1194 1910 1218 :

424 1274 516 1311 “se
539 1278 826 1313 convertere
848 1279 897 1313 et
929 1271 1089 1314 sanari
1111 1271 1133 1284 '¹
1156 1279 1231 1314 est
1263 1270 1534 1327 profanare,
1558 1272 1691 1328 quod
1725 1272 1780 1315 fit
1812 1286 1924 1315 cum
1947 1282 2284 1330 agnoscuntur

423 1348 537 1377 vera
555 1345 604 1378 et
627 1336 768 1386 bona,
790 1346 839 1380 et
857 1337 970 1380 dein
992 1338 1306 1393 rejiciuntur:
1340 1337 1407 1381 ita
1424 1337 1597 1381 fuisset
1619 1339 1658 1382 si
1680 1338 1853 1396 Judaei
1877 1353 1928 1383 se
1947 1340 2282 1385 converterint

424 1410 473 1444 et
495 1404 653 1446 sanati
678 1405 897 1454 fuissent,
922 1413 976 1448 ut
999 1418 1147 1461 supra
1169 1403 1354 1448 dictum
1378 1414 1466 1448 est.

511 1518 658 1577 Quod
682 1535 787 1564 sors
811 1520 1180 1577 profanatorum
1210 1520 1257 1563 in
1285 1521 1438 1563 altera
1458 1520 1561 1563 vita
1583 1520 1803 1563 omnium
1829 1519 2039 1576 pessima
2064 1519 2140 1569 sit,
2164 1532 2282 1576 quo-

423 1578 555 1620 niam
578 1579 763 1622 bonum
788 1588 837 1623 et
858 1593 1043 1628 verum,
1067 1592 1191 1635 quae
1214 1587 1538 1635 agnoverunt,
1563 1587 1776 1628 manent,
1800 1587 1850 1621 et
1876 1592 2074 1635 quoque
2097 1578 2280 1621 malum

422 1645 471 1679 et
493 1636 692 1688 falsum;
725 1647 773 1682 et
796 1638 911 1695 quia
933 1638 1199 1680 cohaerent
1221 1638 1276 1680 fit
1299 1637 1565 1693 discerptio
1587 1638 1717 1680 vitae
1745 1639 1808 1692 (n.
1837 1647 1930 1691 571,
1959 1638 2054 1692 582,
2077 1636 2229 1691 6348).

511 1694 657 1753 Quod
683 1697 795 1740 ideo
821 1711 850 1739 a
878 1696 1094 1739 Domino
1117 1697 1328 1739 maxime
1355 1696 1673 1752 provideatur
1710 1709 1770 1738 ne
1797 1695 1882 1738 fiat
1909 1695 2187 1752 profanatio
2214 1696 2280 1750 (n.

423 1754 550 1806 2426,
580 1755 760 1811 10384[?
790 1755 984 1809 10287]).

510 1811 656 1870 Quod
696 1815 847 1857 homo
881 1813 1063 1857 idcirco
1090 1813 1369 1856 detineatur
1404 1813 1465 1855 ab
1502 1813 1755 1870 agnitione
1792 1821 1843 1856 et
1880 1811 1989 1862 fide,
2013 1812 2053 1856 si
2086 1825 2185 1856 non
2217 1812 2279 1855 ad

422 1870 570 1913 finem
593 1872 724 1915 vitae
749 1872 796 1914 in
822 1872 915 1914 illis
939 1885 1223 1927 permanere
1248 1871 1403 1927 possit
1428 1874 1493 1925 (n.
1519 1871 1644 1926 3398,
1667 1871 1827 1926 4402[?
1852 1872 2022 1926 3402]).

511 1929 656 1986 Quod
678 1931 789 1974 ideo
811 1930 960 1974 homo
977 1939 1207 1973 teneatur
1224 1931 1389 1986 potius
1409 1930 1456 1971 in
1477 1930 1767 1987 ignorantia,
1782 1938 1833 1972 et
1856 1931 1904 1972 in
1923 1931 2058 1972 cultu
2077 1938 2281 1973 externo

424 1989 488 2041 (n.
513 2001 726 2044 301-3o3‚
757 2000 878 2044 1327,
907 1989 1051 2044 1328).

509 2046 655 2105 Quod
685 2048 833 2090 etiam
861 2047 1104 2090 Dominus
1136 2061 1251 2090 vera
1283 2055 1332 2090 et
1364 2047 1506 2095 bona,
1530 2060 1655 2103 quae
1688 2046 1840 2090 homo
1867 2060 1952 2103 per
1976 2045 2279 2104 agnitionem

423 2106 620 2162 recepit,
646 2107 882 2149 recondat
906 2106 954 2148 in
979 2106 1294 2149 interioribus
1318 2106 1424 2162 ejus
1451 2107 1515 2161 (n.
1537 2105 1691 2160 6595).

509 2220 654 2279 Quod
683 2221 916 2265 interiora
936 2235 1064 2271 vera,
1089 2235 1150 2264 ne
1178 2220 1510 2277 profanentur,
1535 2234 1635 2264 non
1662 2219 1796 2277 prius
1819 2221 2098 2264 revelentur
2133 2233 2280 2278 quam

420 2294 532 2323 cum
555 2281 761 2323 ecclesia
783 2281 830 2322 in
854 2294 946 2323 suo
969 2280 1064 2323 fine
1086 2289 1161 2323 est
1187 2282 1250 2334 (n.
1275 2279 1402 2334 3398,
1429 2280 1577 2334 3399).

510 2338 826 2396 Quapropter
854 2338 1096 2382 Dominus
1128 2347 1248 2381 tune
1281 2339 1330 2380 in
1364 2339 1603 2380 mundum
1631 2338 1780 2386 venit,
1813 2351 1870 2381 ac
1903 2337 2136 2381 interiora
2166 2350 2282 2380 vera

420 2398 624 2452 aperuit,
645 2411 755 2440 cum
774 2398 980 2440 ecclesia
998 2411 1195 2453 prorsus
1212 2405 1403 2440 vastata
1426 2396 1518 2439 fuit
1543 2398 1606 2451 (n.
1627 2397 1740 2451 3398
1757 2411 1766 2447 ;
1798 2396 2061 2440 videantur
2076 2409 2202 2452 quae
2219 2397 2281 2440 de

419 2456 575 2558 {illilsatial
588 2457 841 2568 Solpltgculo
867 2457 942 2498 De
973 2457 1153 2499 Ultimo
1186 2455 1381 2513 Judz'cz'o
1413 2461 1456 2498 et
1481 2456 1740 2511 Babylonia
1767 2455 2016 2505 destruam
2041 2469 2086 2498 n.
2114 2465 2190 2529 73,
2210 2465 2278 2507 74,

511 2628 657 2687 Quod
678 2643 763 2685 per
781 2635 805 2651 “
824 2629 1054 2673 Babelem
1073 2629 1096 2643 '’
1116 2629 1164 2671 in
1178 2628 1344 2672 Verbo
1361 2628 1666 2686 significetur
1682 2627 1959 2685 profanatio
1976 2628 2106 2676 boni,
2126 2635 2176 2671 et
2194 2641 2281 2684 per

422 2687 761 2732 “Chaldaeam
781 2688 803 2702 ”
837 2688 1115 2744 profanatio
1146 2687 1248 2731 veri
1285 2689 1349 2744 (n.
1387 2687 1509 2737 1182,
1542 2687 1665 2742 1283,
1698 2697 1820 2742 1295,
1853 2699 1975 2742 1304,
2009 2687 2278 2742 1306-1308,

425 2748 925 2863 ἰμῷιὲἐεῗὲὲἐῗίἰὸὲῇε
963 2804 1237 2862 prohibitis,
1275 2818 1360 2848 seu
1404 2803 1562 2848 foedis
1599 2803 1865 2854 adulteriis,
1905 2803 1965 2847 de
2007 2803 2185 2860 quibus
2230 2803 2277 2846 in

421 2864 600 2914 Verbo,
620 2863 986 2920 profanationes
1005 2864 1113 2907 illae
1137 2863 1556 2919 correspondeant
1581 2864 1645 2917 (n.
1664 2862 1815 2918 6348).

514 2922 661 2980 Quod
685 2923 963 2979 profanatio
990 2930 1356 2978 repraesentata
1378 2921 1442 2964 sit
1465 2935 1549 2977 per
1570 2935 1706 2965 esum
1725 2920 1977 2978 sanguinis
1997 2920 2044 2962 in
2064 2920 2278 2964 Ecclesia

423 2981 689 3026 Israelitica
711 2990 761 3025 et
781 2981 998 3038 judaica,
1026 2988 1325 3038 quapropter
1349 2979 1396 3022 id
1429 2988 1530 3023 tam
1554 2993 1723 3024 severe
1746 2978 2047 3036 prohibitum
2083 2977 2176 3022 fuit
2212 2980 2278 3034 (n.

426 3042 571 3096 1003).
