2496 4250
477 392 574 442 106
1010 405 1092 444 DE
1134 405 1306 445 NOVA
1348 407 1803 448 HiERosomeA

470 558 574 590 vae
615 547 763 600 sunt,
800 557 895 591 seu
941 558 1083 607 quae
1122 542 1272 592 vitae
1313 543 1633 608 spiritualis,
1677 552 1807 596 sunt
1853 562 1985 596 vera
2025 563 2166 613 quae
2206 563 2325 599 cre-

470 617 657 668 denda
679 627 736 668 et
761 619 907 668 bona
931 637 1072 685 quae
1095 620 1350 670 facienda
1372 639 1383 683 ;
1417 621 1512 671 illa
1535 630 1663 672 sunt
1687 622 1831 683 fidei,
1849 623 1988 674 haec
2014 626 2325 676 charitatis,

472 695 630 747 Haec
666 698 805 747 scire
840 714 1005 747 nemo
1039 707 1230 764 potest
1272 716 1345 749 ex
1386 717 1463 759 se,
1500 717 1629 750 narn
1670 701 1843 751 homo
1877 719 1989 751 non
2030 704 2181 768 capit
2221 704 2326 754 nisi

469 792 610 841 quae
633 776 798 825 obvia
820 775 1038 826 fuerunt
1063 778 1319 827 sensibus
1343 795 1353 840 ;
1389 795 1462 828 ex
1486 778 1594 828 illis
1619 781 1967 845 comparavit
1992 781 2094 830 sibi
2119 781 2325 842 lumen,

469 854 618 919 quod
672 853 860 903 lumen
913 846 1169 904 naturale
1221 863 1475 915 vocatur,
1524 873 1598 906 ex
1651 874 1760 922 quo
1813 874 1925 907 non
1977 858 2127 908 aliud
2172 859 2328 909 videt

469 948 636 997 quam
670 949 810 997 quae
844 933 1036 981 mundi
1071 941 1200 983 sunt
1230 941 1286 983 et
1329 951 1471 1000 quae
1505 935 1603 993 sui,
1641 951 1752 984 non
1786 944 1976 986 autem
2011 953 2153 1002 quae
2186 936 2329 987 caeli

469 1018 525 1059 et
555 1027 696 1076 quae
726 1010 863 1072 Dei;
907 1010 1045 1060 haec
1070 1011 1250 1062 discet
1279 1029 1353 1062 ex
1383 1012 1746 1063 revelatione.
1826 1013 1925 1075 Ut,
1951 1014 2100 1080 quod
2130 1014 2326 1064 Domi-

469 1105 588 1148 nus,
611 1089 701 1154 qui
729 1089 800 1138 ab
827 1097 1060 1139 aeterno
1085 1089 1255 1149 Deus,
1281 1091 1333 1139 in
1365 1091 1634 1140 mundum
1654 1093 1871 1142 venerit
1899 1093 1970 1142 ad
1993 1092 2326 1142 salvandum

467 1183 645 1231 genus
678 1166 1018 1230 humanum;
1059 1169 1209 1233 quod
1246 1168 1358 1234 Ipsi
1386 1170 1569 1218 omnis
1598 1177 1856 1234 potestas
1885 1171 1957 1220 sit
1990 1171 2043 1220 in
2078 1170 2237 1221 caelo
2269 1179 2327 1222 et

467 1245 522 1295 in
563 1253 743 1307 terra3
798 1247 946 1311 quod
988 1263 1154 1296 omne
1194 1245 1324 1297 fidei
1372 1255 1429 1297 et
1475 1264 1642 1297 omne
1683 1249 1993 1308 charitatiS,
2036 1250 2115 1299 ita
2160 1265 2328 1300 omne

466 1340 659 1373 verum
700 1331 756 1374 et
803 1325 1031 1384 bonum,
1073 1326 1144 1375 sit
1186 1325 1257 1374 ab
1298 1325 1461 1391 Ipso;
1515 1326 1664 1392 quod
1707 1326 1923 1376 caelum
1964 1327 2036 1377 sit
2083 1334 2141 1377 et
2178 1328 2327 1393 quod

467 1401 774 1464 infernum;
829 1403 976 1468 quod
1020 1403 1192 1453 homo
1232 1402 1477 1454 vieturus
1521 1405 1592 1454 sit
1638 1405 1692 1454 in
1740 1413 2051 1466 aeternum,
2093 1405 2138 1454 si
2183 1406 2328 1456 bene

467 1481 647 1546 egerit
680 1481 734 1530 in
768 1480 943 1541 cae10‚
981 1482 1024 1531 si
1058 1481 1204 1531 male
1237 1483 1291 1532 in
1323 1482 1555 1532 inferno,

566 1561 717 1626 178.
770 1561 929 1611 Haec
963 1570 1020 1611 et
1054 1561 1214 1627 plura
1240 1570 1371 1611 sunt
1409 1562 1555 1622 fidei,
1586 1579 1729 1628 quae
1758 1563 1931 1613 homo
1963 1563 2055 1629 qui
2086 1579 2326 1628 regene-

466 1638 672 1687 randus
706 1646 811 1697 est,
848 1639 988 1688 scire
1022 1639 1226 1701 debet;
1269 1655 1399 1688 nam
1433 1640 1525 1705 qui
1558 1640 1664 1689 scit
1698 1639 1811 1699 illa,
1844 1641 2099 1705 cogitare
2133 1647 2327 1705 potest

466 1715 579 1776 illa,
622 1716 751 1766 dein
796 1716 942 1766 velle
982 1716 1093 1776 illa,
1137 1725 1194 1767 et
1241 1717 1466 1767 demum
1507 1717 1689 1767 facere
1734 1717 1847 1777 illa,
1890 1725 1947 1768 et
1994 1718 2070 1767 sic
2119 1717 2327 1768 habere

466 1796 642 1844 vitam
667 1811 889 1844 novam.
959 1795 1060 1855 Ut,
1086 1796 1177 1861 qui
1206 1812 1318 1845 non
1349 1796 1453 1846 scit
1483 1795 1632 1861 quod
1664 1796 1938 1845 Dominus
1962 1797 2032 1846 sit
2063 1794 2328 1846 Salvator

466 1875 688 1939 generis
722 1874 969 1934 humani,
1001 1889 1114 1923 non
1148 1883 1340 1940 potest
1370 1873 1538 1924 fidem
1567 1874 1773 1924 habere
1807 1875 1861 1924 in
1897 1874 2105 1940 Ipsum,
2136 1891 2326 1926 amare

467 1953 675 2019 Ipsum,
713 1960 769 2002 et
804 1953 879 2002 sic
914 1953 1096 2003 facere
1130 1954 1340 2003 bonum
1375 1961 1605 2018 propter
1639 1952 1847 2018 Ipsum.
1925 1952 2032 2018 Qui
2073 1970 2185 2003 non
2220 1954 2326 2004 scit

466 2033 613 2098 quod
655 2048 822 2081 omne
863 2032 1074 2081 bonum
1108 2033 1180 2082 sit
1221 2033 1292 2082 ab
1327 2032 1474 2098 Ipso,
1511 2048 1623 2081 non
1661 2039 1853 2097 potest
1888 2033 2143 2097 cogitare
2175 2033 2326 2098 quod

466 2110 615 2160 salus
650 2128 748 2160 sua
781 2111 852 2160 sit
893 2110 964 2160 ab
1005 2110 1154 2176 Ipso,
1190 2112 1371 2160 minus
1406 2118 1598 2176 potest
1631 2109 1778 2160 velle
1812 2112 1960 2176 quod
2001 2112 2081 2160 ita
2121 2111 2212 2170 sit,
2248 2112 2327 2161 ita

466 2206 578 2239 non
607 2197 799 2255 potest
829 2190 1016 2239 vivere
1044 2191 1115 2239 ab
1144 2190 1291 2256 Ipso.
1362 2188 1470 2254 Qui
1500 2205 1612 2238 non
1641 2189 1745 2238 scit
1774 2190 1923 2255 quod
1951 2189 2224 2239 infernum
2253 2191 2326 2240 sit

465 2277 523 2318 et
574 2268 723 2334 quod
774 2268 1011 2327 caelum,
1066 2285 1168 2318 nee
1220 2269 1370 2334 quod
1423 2269 1541 2318 vita
1591 2275 1841 2327 aeterna,
1891 2268 1936 2318 is
1981 2285 2051 2318 ne
2101 2268 2325 2335 quidem

465 2347 719 2412 cogitare
760 2354 952 2411 potest
993 2347 1062 2397 de
1101 2348 1218 2397 vita
1258 2346 1418 2406 caeli,
1455 2362 1556 2396 nec
1591 2345 1875 2411 applicare
1916 2363 1974 2397 se
2014 2347 2085 2396 ad
2125 2347 2324 2413 recipi-

465 2427 672 2477 endum
706 2426 878 2476 illam.
957 2427 1045 2477 Ita
1078 2427 1131 2476 in
1166 2426 1406 2493 reliquiS.

563 2519 718 2574 179.
767 2508 1085 2574 Unicuique
1118 2516 1204 2558 est
1237 2509 1410 2558 homo
1437 2510 1691 2559 internus
1719 2515 1776 2557 et
1809 2508 1982 2558 homo
2014 2515 2323 2570 externus;

463 2585 716 2635 internus
750 2593 836 2635 est
872 2586 962 2651 qui
1002 2585 1173 2635 homo
1207 2586 1510 2651 spiritualis
1543 2595 1795 2645 vocatur,
1832 2594 1889 2635 et
1930 2594 2200 2635 externus
2233 2587 2325 2652 qui

463 2663 636 2714 homo
677 2664 979 2713 naturalis:
1036 2672 1271 2730 uterque
1312 2666 1731 2730 regenerandus
1778 2671 1882 2723 est,
1926 2671 1985 2713 ut
2032 2664 2204 2713 homo
2242 2681 2326 2714 re-

464 2751 769 2810 generatus
809 2744 898 2793 sit.
977 2742 1149 2808 Apud
1193 2742 1479 2794 hominem
1521 2745 1610 2810 qui
1661 2760 1771 2793 non
1811 2750 2175 2807 regeneratus
2216 2750 2322 2801 est,

463 2831 736 2873 externus
776 2840 872 2872 seu
913 2821 1183 2872 naturalis
1218 2821 1389 2871 homo
1429 2823 1686 2888 imperat,
1722 2838 1784 2872 ac
1826 2823 2077 2871 internus
2117 2822 2323 2883 servit;

463 2909 522 2951 at
564 2901 710 2967 apud
746 2900 1032 2950 hominem
1074 2901 1164 2966 qui
1205 2910 1572 2965 regeneratus
1606 2909 1711 2961 est,
1743 2902 1995 2950 internus
2028 2916 2124 2949 seu
2164 2900 2323 2966 spiri-

463 2980 632 3031 tualis
661 2979 833 3029 homo
861 2980 1118 3044 imperat,
1144 2986 1201 3029 et
1233 2988 1504 3029 externus
1527 2981 1715 3029 servit.
1788 2978 1957 3029 Unde
1986 2985 2146 3043 patet
2174 2977 2325 3044 quod

464 3060 612 3125 apud
646 3059 934 3108 hominem
963 3076 995 3108 a
1023 3060 1326 3108 nativitate
1355 3059 1492 3108 ordo
1520 3060 1671 3109 vitae
1699 3060 1951 3108 inversus
1980 3058 2069 3116 sit,
2100 3073 2321 3123 nempe,

463 3138 613 3204 quod
647 3139 921 3202 imperare
951 3137 1123 3187 debet
1157 3137 1264 3187 hoc
1294 3138 1483 3196 servit,
1514 3146 1571 3187 et
1605 3138 1753 3203 quod
1783 3137 1987 3187 servire
2016 3136 2187 3186 debet
2216 3136 2322 3186 hoc

462 3218 718 3282 imperat.
784 3216 886 3266 Ille
909 3216 1046 3266 ordo
1075 3217 1439 3278 invertenndus
1463 3224 1566 3275 est,
1593 3224 1651 3266 ut
1683 3217 1854 3265 homo
1877 3215 2078 3264 salvari
2107 3215 2284 3280 possit
2309 3231 2319 3264 ε

463 3303 521 3346 et
579 3295 717 3344 haec
766 3295 1006 3344 inversio
1058 3311 1411 3360 nequaquam
1462 3295 1710 3344 existere
1761 3301 1952 3359 potest
2003 3309 2170 3359 quam
2227 3309 2324 3359 per

463 3375 953 3438 regenerationem
987 3390 1018 3422 a
1051 3373 1315 3422 Domino,

562 3453 725 3505 180.
777 3451 924 3517 Quid
949 3453 1020 3502 sit
1043 3453 1191 3517 quod
1221 3454 1474 3502 internus
1503 3451 1675 3502 homo
1698 3453 1937 3517 imperet
1959 3458 2017 3500 et
2046 3458 2320 3501 externus

464 3531 690 3589 serviat,
727 3546 791 3579 ac
839 3530 1100 3588 vicissim,
1143 3528 1453 3579 illustretur
1498 3545 1595 3594 per
1634 3527 1907 3578 hocz—Si
1947 3528 2119 3579 homo
2158 3530 2318 3594 ponit

463 3624 630 3656 omne
665 3608 872 3657 bonum
907 3608 960 3655 in
995 3606 1200 3672 volupi,
1237 3607 1290 3656 in
1325 3606 1495 3665 lucr0,
1532 3614 1588 3657 et
1629 3607 1682 3655 in
1723 3606 1885 3665 fastu,
1919 3623 1981 3656 ac
2011 3606 2316 3671 jucundum

463 3685 636 3735 habet
670 3687 724 3735 in
759 3686 887 3735 odio
921 3693 977 3735 et
1011 3683 1272 3746 vindi&a‚
1304 3693 1359 3735 et
1395 3686 1623 3735 interius
1656 3687 1709 3735 in
1743 3702 1802 3735 se
1836 3686 2111 3752 conquirit
2145 3685 2317 3735 ratio·
