2566 4256
506 434 567 485 16
1038 447 1121 486 DE
1161 446 1335 487 NovA
1377 446 1833 487 HIEROSOLYMA

501 586 636 629 illum
666 595 716 630 et
744 599 842 629 non
878 585 1004 629 intra
1032 586 1181 636 illum,
1210 594 1265 629 ut
1297 594 1463 630 tamen
1489 594 1688 643 oportet
1721 600 1841 631 esse.
1907 586 2029 632 Inde
2062 599 2260 644 quoque
2293 598 2366 633 est

499 654 631 710 quod
650 653 877 697 doftrina
894 653 1160 704 charitatis,
1177 667 1302 711 quae
1319 654 1444 697 tanti
1464 654 1607 710 pretii
1626 654 1783 698 fuerat
1801 656 1931 712 apud
1949 655 2193 712 antiquos,
2217 654 2367 698 hodie

501 721 628 764 inter
660 735 736 764 res
779 722 1060 778 deperditas
1098 721 1186 765 sit:
1228 721 1339 777 quis
1373 721 1503 764 enim
1543 721 1692 765 hodie
1731 722 1871 765 novit
1905 723 2023 779 quid
2063 722 2111 764 in
2149 720 2368 779 genuino

499 801 644 831 sensu
663 797 738 831 est
753 789 979 838 charitas,
995 797 1044 831 et
1062 788 1180 844 quid
1199 788 1245 830 in
1261 788 1479 845 genuino
1498 800 1642 831 sensu
1662 797 1738 832 est
1757 789 2043 845 proximus?
2072 802 2181 831 curn
2201 797 2368 831 tamen

501 856 581 898 illa
603 855 828 898 doetrina
851 870 949 899 non
976 856 1126 899 modo
1151 855 1199 898 id
1224 855 1384 904 docet,
1404 856 1490 898 sed
1515 855 1715 912 insuper
1739 855 2008 906 innumera,
2033 869 2243 913 quorum
2268 868 2369 898 non

501 922 763 966 millesima
800 936 911 978 pars
946 922 1094 967 hodie
1135 921 1303 965 scitur.
1367 921 1496 965 Tota
1537 920 1789 978 Scriptura
1821 921 1969 966 Sacra
2001 935 2100 966 non
2128 921 2261 966 aliud
2294 929 2372 965 est

499 1002 646 1045 quam
683 988 921 1033 Doftrina
948 988 1150 1032 Amoris
1179 997 1229 1032 et
1256 987 1553 1038 Charitatis;
1587 989 1721 1045 quod
1748 989 1896 1032 etiam
1932 988 2177 1032 Dominus
2209 989 2369 1038 docet,

500 1056 726 1105 dicendo,

579 1169 600 1183 ¹⁴
616 1165 781 1202 Amabis
804 1164 1025 1201 Dominum
1049 1164 1182 1200 Deum
1204 1169 1317 1200 tuum
1341 1174 1389 1200 ex
1411 1169 1496 1200 toto
1523 1164 1643 1200 corde
1664 1169 1747 1207 tuo,
1770 1169 1808 1200 et
1834 1163 1875 1199 in
1902 1169 1986 1200 tota
2011 1163 2144 1200 anima
2166 1169 2246 1206 tua,
2265 1169 2303 1200 et
2330 1162 2371 1199 in

702 1221 786 1251 tota
812 1221 945 1250 mente
972 1220 1062 1257 tua:
1098 1215 1176 1250 hoc
1203 1220 1261 1250 est
1286 1214 1518 1260 primarium
1540 1219 1579 1249 et
1606 1224 1797 1260 magnum
1824 1214 2079 1250 mandatum:
2098 1243 2105 1250 .
2123 1242 2133 1251 .
2148 1213 2371 1250 secundum

700 1265 826 1301 simile
844 1270 903 1301 est
920 1264 987 1308 ini,
1006 1265 1171 1301 Amabis
1187 1265 1415 1311 proximum
1435 1269 1548 1300 tuum
1567 1263 1668 1300 sicut
1685 1270 1724 1299 te
1741 1264 1891 1311 ipsum:
1920 1275 1968 1300 ex
1987 1264 2048 1300 his
2074 1264 2233 1300 duobus
2258 1273 2372 1300 man-

703 1316 804 1352 datis
818 1344 827 1354 .
845 1345 854 1354 .
872 1316 958 1352 Lex
976 1321 1016 1351 et
1036 1315 1256 1362 Prophetae
1274 1315 1452 1362 pendent
1465 1314 1484 1325 '¹
1507 1314 1673 1362 (Matth.
1693 1314 1784 1351 xxii.
1804 1318 1962 1361 37—39).

503 1421 644 1465 “Lex
666 1429 714 1465 et
740 1421 1018 1478 Prophetae
1034 1420 1057 1434 ’¹
1075 1429 1190 1464 sunt
1213 1419 1431 1464 Verbum
1457 1419 1504 1462 in
1532 1419 1762 1464 omnibus
1785 1428 1835 1464 et
1856 1419 2076 1476 singulis.

592 1506 697 1542 10.
743 1495 798 1539 In
822 1495 1141 1552 sequentibus
1163 1495 1459 1552 adjicientur
1479 1495 1684 1552 singulis
1711 1493 2065 1538 doC’trinalibus
2090 1494 2284 1538 Collec‘la
2310 1509 2371 1540 ex

502 1564 718 1610 Arcanz's
742 1562 1033 1613 Caelestz'bus,
1058 1562 1173 1620 quia
1196 1562 1243 1605 in
1268 1562 1343 1607 his
1367 1562 1539 1606 eadem
1567 1562 1777 1620 amplius
1798 1561 2042 1620 explicata
2063 1569 2194 1606 sunt.
