2430 4256
539 425 870 466 coLLECTA
902 426 984 465 DE
1017 426 1317 467 ADVENTU
1350 426 1731 467 DOM1N1.—N.
1759 417 1843 469 60.
2055 430 2119 486 75

346 566 566 608 “Dicetur
586 567 631 606 in
653 567 723 606 die
753 566 843 614 illo,
870 566 983 606 Ecce
1006 565 1128 606 Deus
1150 574 1302 606 noster
1325 566 1426 614 Hic,
1450 581 1580 619 quem
1603 567 1975 619 exspectavimus,
2001 578 2046 610 ut
2075 571 2122 610 li·

471 624 595 661 beret
616 634 699 660 nos
717 633 726 668 ;
761 620 846 660 Hic
861 620 1065 673 Jehovah
1083 633 1214 672 quem
1236 620 1596 672 exspectavimus
1614 635 1622 669 ;
1654 624 1902 663 exultemus
1925 632 1968 664 et
1989 625 2121 665 laete-

470 689 570 716 mur
590 677 635 715 in
658 677 800 715 salute
824 675 969 726 Ipsius
983 674 1006 690 ’'
1027 674 1166 726 (Esai.
1186 688 1289 716 xxv.
1310 688 1361 727 9;
1393 689 1487 727 cap.
1507 678 1624 718 xxvi.
1647 679 1684 725 8,
1705 679 1747 728 9)
1767 691 1774 724 ;

338 732 481 772 “Vox
500 731 736 771 clamantis
757 731 803 770 in
824 731 1016 778 deserto,
1040 730 1198 770 Parate
1222 731 1338 769 viam
1360 730 1573 783 jehovae,
1599 734 1879 783 complanate
1903 733 1945 772 in
1969 734 2121 773 solitu·

468 786 572 826 dine
602 786 808 825 semitam
841 785 938 824 Deo
968 792 1139 825 nostro.
1203 815 1212 826 .
1235 815 1245 825 .
1268 816 1277 825 .
1299 816 1309 826 .
1374 786 1659 826 Revelabitur
1679 788 1822 838 gloria
1841 788 2052 840 Jehovae‚
2079 798 2121 828 et

469 841 685 880 videbunt
705 840 853 879 omnis
874 852 977 878 caro
999 839 1132 879 simul
1147 838 1170 854 ’⁹
1191 838 1332 890 (Esai.
1353 841 1411 881 xl.
1434 852 1471 889 3,
1496 838 1602 890 5[¹l);

336 898 365 916 ‘⁴
379 896 521 947 Super
533 902 732 935 montem
750 894 887 934 altum
904 895 1112 941 ascende.
1130 895 1477 944 evangelizatrix
1498 895 1608 935 Zion
1627 908 1636 942 ;
1667 897 1831 935 extolle
1845 909 1942 935 cum
1959 898 2120 937 virtute

468 961 625 990 vocem
639 958 775 997 tuam,
791 949 1140 999 evangelizatrix
1154 948 1473 1000 Hierosolyma
1491 962 1500 997 ;
1524 981 1533 990 .
1552 981 1561 990 .
1579 981 1588 990 .
1607 952 1695 990 ‚dic
1710 952 1891 991 urbibus
1903 951 2115 1003 jehudae‚

470 1005 582 1044 Ecce
601 1004 722 1044 Deus
739 1011 901 1044 vester.
964 1003 1076 1043 Ecce
1093 1003 1270 1042 Adonai
1286 1003 1477 1056 Jehovih
1494 1005 1538 1043 in
1557 1005 1659 1044 forti
1677 1006 1811 1052 venit,
1833 1015 1876 1045 et
1894 1008 2116 1046 brachium

469 1059 579 1111 Ejus
599 1059 902 1099 dominabitur
924 1057 1042 1108 Ipsi;
1073 1070 1188 1104 ecce,
1210 1070 1379 1098 merces
1399 1059 1508 1109 Ejus
1524 1072 1623 1098 cum
1649 1060 1766 1110 Ipso.
1831 1092 1839 1100 .
1863 1092 1872 1101 .
1896 1092 1905 1101 .
1929 1092 1937 1100 .
2000 1063 2119 1101 Sicut

467 1122 623 1166 pastor
655 1125 837 1164 gregem
870 1125 999 1153 suum
1035 1120 1202 1163 pascet,
1238 1113 1282 1152 in
1320 1114 1545 1152 brachium
1582 1127 1711 1154 suum
1745 1115 1923 1165 colliget
1958 1129 2114 1165 agnos,

467 1176 512 1255 ett
532 1169 597 1254 lin
627 1168 808 1272 )gremio
846 1180 929 1207 suo
969 1167 1177 1218 portabit,
1221 1165 1438 1207 lactentes
1479 1168 1637 1208 leniter
1676 1170 1806 1208 ducet
1822 1169 1844 1183 '’
1879 1171 2019 1220 (Emi.
2056 1172 2113 1211 xl.

513 1224 530 1248 ²
576 1234 622 1262 11
662 1235 671 1271 ;

334 1281 364 1298 “
379 1236 635 1329 (Ζοςῗιοεεεῑ
651 1277 841 1328 populus
858 1289 985 1316 meus
1003 1289 1169 1316 nomen
1187 1289 1335 1315 meum
1354 1277 1398 1315 in
1417 1278 1487 1317 die
1505 1278 1596 1325 illo,
1623 1291 1726 1317 nam
1747 1279 1841 1329 Ego
1866 1278 1944 1318 Ille
1962 1281 2034 1331 qui
2056 1281 2118 1319 lo-

465 1345 621 1385 quens,
668 1332 780 1372 Ecce
804 1332 892 1372 Me.
938 1332 1082 1384 Quam
1104 1331 1286 1382 jucundi
1308 1339 1412 1371 sunt
1433 1345 1566 1383 super
1582 1334 1807 1372 montibus
1829 1335 1963 1384 pedes
1985 1348 2118 1374 evan-

465 1387 712 1438 gelizantis,
746 1387 898 1426 audire
929 1386 1132 1426 facientis
1162 1398 1332 1436 pacem,
1367 1388 1717 1437 evangelizantis
1748 1390 1931 1436 bonum,
1965 1391 2116 1430 audire

465 1442 670 1482 facientis
688 1442 892 1490 salutem,
913 1442 1100 1481 dicentis
1118 1441 1260 1490 Zioni,
1284 1441 1461 1492 Regnat
1484 1439 1648 1481 Deusffl]
1667 1450 1782 1482 tuus.
1847 1474 1855 1482 .
1879 1474 1888 1483 .
1911 1475 1920 1483 .
1943 1474 1952 1484 .
2015 1444 2118 1484 Tol-

465 1497 560 1538 lent
579 1509 735 1536 vocem
757 1505 802 1536 et
831 1498 1087 1544 cantabunt,
1113 1508 1212 1535 cum
1244 1496 1374 1535 oculo
1403 1496 1460 1536 ad
1490 1498 1665 1535 oculum
1693 1497 1884 1537 viderint
1905 1499 2022 1549 quod
2053 1512 2118 1539 re-

464 1559 663 1592 vertatur
700 1551 903 1604 jehovah
935 1551 1135 1591 Zionem.
1198 1550 1470 1590 Consolatus
1511 1559 1578 1591 est
1620 1549 1861 1637 [flehovah]
1905 1554 2114 1603 populum

467 1619 611 1654 suum,
633 1607 819 1646 redemit
842 1605 1206 1657 Hierosolymam
1226 1617 1236 1652 ς
1268 1637 1278 1646 .
1301 1637 1311 1646 .
1333 1637 1343 1646 .
1366 1637 1375 1647 .
1396 1605 1635 1646 videruntss
1665 1619 1823 1646 omnes
1846 1607 1956 1647 fines
1974 1616 2116 1649 terrae

465 1662 655 1702 salutem
682 1661 764 1700 Dei
786 1662 929 1700 nostri
943 1660 966 1675 ''
987 1660 1128 1708 (Esai.
1149 1660 1209 1700 lii.
1231 1660 1381 1710 6—12);

331 1717 518 1758 “Dicite
549 1717 664 1755 filiae
696 1716 861 1762 Zionis,
890 1715 998 1754 Ecce
1021 1716 1147 1755 Salus
1178 1723 1254 1754 tua
1283 1716 1431 1762 venit:
1474 1728 1644 1755 merces
1677 1715 1785 1767 Ejus
1816 1729 1915 1756 cum
1950 1717 2047 1766 Illo,
2073 1727 2117 1759 et

464 1771 654 1823 pretium
678 1783 839 1821 operae
861 1782 1011 1809 coram
1036 1769 1142 1820 Ipso
1155 1769 1178 1785 '¹
1200 1770 1340 1819 (Esai.
1361 1771 1452 1810 lxii.
1475 1772 1541 1819 11)
1561 1782 1570 1818 ;

332 1826 525 1879 “Jubila
545 1834 588 1866 et
610 1827 789 1872 laetare,
816 1825 904 1864 filia
924 1825 1104 1870 Zionis:
1139 1837 1240 1864 ecce
1264 1825 1360 1875 Ego
1377 1825 1577 1872 veniens,
1602 1832 1651 1864 ut
1679 1825 1874 1865 habitem
1898 1827 1942 1866 in
1965 1829 2115 1868 medio

463 1882 540 1921 tui.
604 1912 612 1921 .
633 1911 642 1921 .
665 1912 674 1921 .
697 1912 706 1920 .
768 1880 894 1919 Tunc
908 1880 1212 1919 adhaerebunt
1224 1887 1381 1930 gentes
1395 1879 1560 1919 multae
1573 1879 1771 1932 Jehovae
1786 1879 1807 1895 ”
1821 1880 1964 1931 (Zach.
1981 1883 2025 1922 ii.
2047 1893 2109 1931 14,

470 1933 563 1984 15[⁵¹
589 1933 662 1987 [B.
686 1937 742 1975 A.
767 1946 828 1982 10,
859 1931 982 1986 11]).;

332 1993 362 2010 ‘⁸
379 1990 541 2030 Exulta
562 1990 704 2037 valde,
730 1989 819 2028 filia
841 1989 991 2028 Zionis
1010 2000 1019 2037 ;
1054 1988 1225 2039 clange,
1251 1988 1340 2028 filia
1363 1988 1708 2040 Hierosolymae
1727 2001 1736 2038 ;
1772 2002 1871 2029 ecce
1895 1990 1991 2030 Rex
2011 1999 2112 2031 tuus

465 2045 587 2084 venit
609 2045 700 2091 tibi,
725 2044 870 2095 justus
885 2043 909 2058 '’
930 2042 1073 2093 (Zach.
1094 2043 1151 2083 ix.
1172 2043 1240 2094 9);

332 2101 362 2119 “
379 2099 490 2139 Ecce
507 2099 600 2138 dies
622 2099 806 2138 venient
823 2130 832 2139 .
856 2130 864 2139 .
889 2130 898 2138 .
921 2130 930 2138 .
951 2111 1051 2137 cum
1073 2098 1297 2138 suscitabo
1321 2098 1480 2137 Davidi
1503 2097 1696 2137 Germen
1718 2098 1901 2149 justum,
1923 2100 1995 2150 qui
2017 2113 2113 2151 reg-

464 2154 588 2192 nabit
607 2153 703 2192 Rex
719 2161 762 2192 et
782 2154 1128 2204 prosperabitur,
1149 2152 1367 2203 facietque
1383 2152 1594 2203 judicium
1613 2160 1656 2192 et
1672 2152 1886 2204 justitiam
1905 2155 1948 2193 in
1968 2162 2084 2194 terra
2102 2168 2110 2203 ;

468 2239 477 2248 .
501 2239 509 2248 .
534 2240 541 2247 .
566 2239 574 2247 .
596 2215 639 2246 et
668 2209 752 2246 hoc
782 2221 947 2246 nornen
972 2207 1117 2258 Ipsius
1123 2238 1259 2254 .....
1280 2207 1482 2260 Jehovah
1511 2207 1690 2259 Justitia
1719 2217 1874 2247 nostra
1889 2207 1911 2223 ”
1928 2208 2107 2261 (Jerent.

465 2263 584 2302 xxiii.
609 2270 645 2311 5,
666 2263 691 2301 6
711 2275 719 2306 ς
751 2275 844 2313 cap.
864 2263 1014 2302 xxxiii.
1039 2272 1102 2311 15,
1131 2262 1223 2312 16);

333 2318 361 2336 “
379 2317 490 2356 Ecce
515 2317 609 2367 Ego
631 2317 813 2356 mittens
847 2317 1055 2367 angelum
1079 2329 1241 2362 meum,
1263 2317 1334 2367 qui
1356 2316 1527 2367 parabit
1548 2317 1666 2355 viam
1687 2324 1791 2355 ante
1815 2316 1888 2356 Me
1906 2329 1915 2365 ;
1946 2325 1989 2356 et
2010 2320 2110 2358 sub-

464 2372 526 2410 ito
548 2371 696 2410 veniet
717 2372 772 2410 ad
804 2372 1017 2422 templum
1050 2384 1176 2410 suurn
1211 2371 1430 2410 Dominus
1452 2383 1582 2422 quem
1603 2383 1684 2410 vos
1707 2372 1928 2421 quaeritis,
1954 2380 1997 2411 et
2018 2373 2112 2411 An-

464 2423 636 2474 gelusffl
657 2426 851 2464 foederis
874 2438 1003 2477 quem
1026 2439 1106 2465 vos
1128 2426 1417 2471 desideratis;
1448 2438 1548 2464 ecce
1565 2426 1714 2464 veniet
1727 2425 1750 2440 ''
1766 2426 1895 2475 (Mal.
1918 2427 1975 2467 iii.
2001 2425 2108 2476 11⁷]);

334 2480 363 2497 ‘⁸
377 2479 445 2519 Tu
478 2479 764 2519 Bethlechem
810 2481 1071 2530 Ephrataea.
1097 2493 1250 2531 parum
1274 2488 1342 2519 est
1371 2487 1419 2519 ut
1440 2481 1499 2519 sis
1521 2481 1635 2519 inter
1656 2480 1861 2519 millenas
1882 2480 2079 2532 Jehudae
2100 2495 2108 2528 ;

464 2547 518 2573 ex
548 2542 591 2574 te
623 2535 734 2574 Mihi
765 2535 901 2574 exibit
931 2536 1004 2586 qui
1034 2535 1117 2574 erit
1154 2535 1419 2574 Dominator
1450 2535 1494 2573 in
1527 2534 1704 2582 Israele,
1738 2542 1782 2574 et
1811 2534 1935 2584 cujus
1966 2536 2108 2576 exitus

464 2590 520 2628 ab
540 2589 736 2640 antiquo,
762 2603 788 2628 a
809 2590 964 2628 diebus
993 2589 1296 2632 aeternitatis:
1330 2620 1338 2629 .
1362 2620 1370 2628 .
1394 2620 1402 2628 .
1426 2620 1434 2629 .
1457 2589 1590 2628 stabit
1620 2596 1663 2628 et
1693 2596 1843 2639 pascet
1873 2590 1917 2628 in
1948 2591 2108 2630 robore

463 2643 668 2749 ILehgvass
667 2675 805 2690 .....
827 2652 870 2683 et
900 2651 1066 2683 crescet
1095 2655 1236 2694 usque
1265 2644 1321 2682 ad
1353 2644 1462 2682 fines
1487 2651 1630 2682 terrae
1645 2642 1667 2658 ”
1689 2643 1843 2693 (Mz'clz.
1865 2656 1905 2683 v.
1930 2654 1965 2691 Ι,
1986 2655 2009 2693 3
2030 2643 2104 2696 [B.

433 2730 440 2735 ·
513 2729 522 2738 ·
573 2729 582 2745 ν
602 2709 628 2747 4
686 2710 694 2744 ἶ
715 2721 726 2728 “

332 2752 472 2803 “Ego
495 2753 664 2803 inungo
692 2753 859 2803 Regem
882 2766 1030 2792 meum
1052 2765 1185 2803 super
1205 2752 1388 2793 Zionem
1409 2783 1417 2792 .
1441 2783 1451 2792 .
1474 2783 1482 2792 .
1506 2783 1515 2792 .
1536 2752 1827 2791 Annuntiabo
1849 2753 1902 2791 de
1924 2760 2103 2799 statuto,

463 2806 667 2859 Jehovah
697 2808 801 2846 dicit
821 2809 877 2846 ad
910 2807 998 2854 Me,
1026 2808 1160 2846 Filius
1192 2820 1315 2846 meus
1347 2807 1428 2854 Tu,
1457 2806 1551 2856 Ego
1581 2807 1712 2846 hodie
1733 2807 1864 2856 genui
1887 2807 1977 2851 Te:
2008 2816 2107 2857 pete

465 2874 494 2900 a
524 2861 614 2908 Me,
639 2870 683 2901 et
711 2863 827 2901 dabo
857 2871 1014 2912 gentes
1045 2862 1361 2900 haereditatem
1394 2869 1542 2908 tuam;
1574 2869 1618 2900 et
1648 2862 1955 2910 posessionem
1988 2870 2106 2901 tuam

465 2915 577 2955 fines
608 2923 765 2956 terrae.
830 2948 838 2956 .
862 2948 870 2956 .
894 2948 902 2956 .
926 2948 935 2957 .
998 2916 1273 2956 Osculamini
1307 2916 1479 2962 Filium,
1505 2928 1560 2954 ne
1592 2915 1817 2960 irascatur,
1843 2923 1886 2954 et
1916 2917 2106 2965 pereatis

466 2970 511 3010 in
533 2971 630 3017 via;
663 3002 672 3011 .
696 3002 704 3011 .
728 3002 736 3011 .
759 3002 768 3011 .
792 2972 911 3010 beati
934 2983 1091 3010 omnes
1113 2970 1386 3009 confidentes
1408 2971 1451 3009 in
1477 2969 1617 3020 Ipso’¹
1639 2970 1818 3018 (Psalm.
1844 2966 1915 3009 iilssl
1938 2970 2087 3020 6-12);

334 3024 364 3043 “
379 3023 492 3064 Ecce
515 3024 636 3064 Deus
659 3026 814 3064 salutis
837 3039 975 3072 meae,
1001 3025 1220 3064 confidam
1239 3033 1282 3063 et
1304 3037 1393 3062 non
1417 3025 1597 3063 timebo.
1662 3055 1671 3063 .
1695 3055 1703 3063 .
1726 3054 1735 3063 .
1759 3054 1768 3063 .
1833 3023 2042 3062 Exclama
2063 3031 2107 3064 et

461 3078 614 3130 jubila,
632 3080 868 3118 habitatrix
883 3079 1049 3126 Zionis,
1068 3080 1168 3130 quia
1182 3091 1370 3128 magnus
1385 3079 1428 3117 in
1446 3078 1592 3118 medio
1606 3077 1667 3117 tui
1685 3075 1872 3117 Sanetus
1893 3077 2069 3117 Israelis
2082 3077 2107 3093 ’⁹

463 3133 602 3182 (Esai.
623 3135 697 3174 xii.
720 3145 757 3179 2,
779 3132 864 3182 6[⁹])
885 3147 892 3177 :

331 3186 430 3227 “In
450 3188 520 3227 die
541 3188 616 3227 illo
636 3189 839 3239 respiciet
859 3189 994 3227 homo
1011 3189 1066 3227 ad
1085 3186 1314 3227 Factorem
1341 3200 1484 3233 suum,
1505 3194 1548 3226 et
1569 3186 1682 3225 oculi
1704 3186 1800 3237 ejus
1817 3187 1872 3225 ad
1894 3184 2103 3226 Sanctum

464 3241 642 3282 Israelis
663 3241 927 3293 spectabunt
942 3243 963 3257 ’'
985 3242 1124 3289 (Esai.
1145 3243 1247 3282 xvii.
1271 3242 1335 3289 7);

330 3295 516 3336 “Vinea
533 3295 615 3336 fuit
638 3295 812 3336 Dilecto
843 3310 943 3336 meo
965 3298 1009 3335 in
1032 3309 1167 3335 cornu
1192 3293 1306 3348 [filii]
1330 3296 1415 3335 olei
1431 3295 1453 3310 ”
1475 3294 1613 3345 (Esai.
1634 3307 1675 3334 v.
1700 3292 1823 3342 1[¹⁰]);

331 3349 577 3403 “Jehovah
598 3351 809 3396 Zebaoth‚
839 3352 971 3390 Hunc
1000 3349 1330 3390 sanfflficabitis
1336 3381 1472 3396 .....
1494 3351 1576 3388 erit
1598 3350 1642 3388 in
1665 3347 1977 3395 sanctuarium,
2003 3349 2105 3389 licet

463 3405 508 3444 in
530 3406 721 3455 lapidem
745 3407 974 3455 impulsus,
1000 3414 1043 3444 et
1074 3406 1117 3444 in
1147 3413 1316 3454 petram
1339 3404 1591 3443 offendiculi
1599 3434 1736 3449 .....
1758 3412 1800 3441 et
1831 3403 1874 3440 in
1898 3403 2101 3454 laqueum

463 3467 508 3498 et
537 3460 581 3498 in
613 3459 934 3498 tendiculamfss]
966 3460 1202 3498 habitatori
1238 3457 1615 3508 Hierosolymae”
1647 3457 1784 3506 (Emi.
1819 3457 1908 3496 viii.
1937 3467 1998 3505 13,
2028 3468 2103 3506 14:

462 3514 594 3553 Matt.
621 3514 708 3554 xxi,
732 3525 893 3562 42-.-44:
923 3515 1027 3553 Luc.
1050 3527 1120 3552 xx.
1146 3523 1208 3561 17,
1233 3514 1324 3561 18);

329 3567 360 3585 ‘⁸
374 3566 572 3618 Populus
588 3569 867 3607 ambulantes
889 3569 933 3606 in
956 3568 1150 3607 tenebris
1166 3564 1428 3606 videruntlffll
1453 3566 1611 3605 Lucem
1635 3577 1842 3614 magnam
1862 3578 1871 3611 ς
1902 3565 2103 3604 habitan·

458 3627 525 3722 {t}
547 3620 591 3658 in
614 3627 732 3722 teffra
750 3621 935 3658 umbrae
957 3620 1112 3658 mortis
1137 3619 1231 3658 Lux
1252 3616 1473 3658 effulsitl¹³1
1493 3631 1627 3670 super
1648 3619 1761 3658 eos’'
1783 3618 1922 3669 (Emi,
1949 3618 2004 3659 ix.
2025 3619 2103 3655 11¹⁴]

526 3707 535 3716 .
556 3673 614 3716 A.
637 3682 659 3710 2
685 3676 724 3723 );

326 3722 638 3831 “[E](Zione.
657 3758 666 3766 .
683 3758 693 3767 .
711 3727 854 3767 .Deus
884 3727 1123 3778 effulgebit.
1181 3727 1342 3766 Veniet
1374 3726 1494 3766 Deus
1520 3734 1684 3775 noster,
1710 3735 1754 3767 et
1778 3739 1870 3767 non
1900 3729 2064 3769 tacebit
2078 3727 2102 3745 ''

474 3781 637 3820 Psalm.
660 3781 686 3820 l.
709 3791 745 3829 2,
769 3782 835 3830 3);
