2496 4250
549 412 628 452 ET
668 411 806 466 EJus
846 410 1175 451 DOCTRINA
1214 412 1669 453 CAELESTI..—N.
1707 414 1816 467 172.
2029 415 2124 467 103

353 551 508 620 Quod
533 553 732 602 bonum,
766 552 909 609 cujus
942 552 1086 608 quale
1119 560 1194 596 est
1226 566 1254 596 a
1286 552 1422 602 falso,
1446 560 1729 609 acceptetur
1760 566 1788 595 a
1823 552 2052 603 Domino,
2086 554 2126 596 si

264 610 543 668 ignorantia
565 611 641 659 sit
660 620 709 654 et
728 611 776 653 in
801 611 883 653 illa
906 611 1203 661 innocentia,
1227 625 1283 654 ac
1307 612 1417 655 finis
1440 612 1599 655 bonus
1625 613 1689 667 (n.
1714 611 1863 666 7887).

351 717 497 776 Quod
526 718 707 761 malum
736 718 960 762 falsificet
986 733 1171 768 verum,
1195 719 1311 775 quia
1336 719 1538 763 deducit
1564 733 1734 763 verum
1762 719 1823 762 ad
1853 719 2050 768 malum,
2077 728 2125 762 et

260 777 476 834 applicat
504 777 632 819 malo
659 780 722 831 (n.
747 776 904 832 8044[?
927 777 1075 831 8094],
1101 777 1248 832 8149).

350 835 532 878 Verum
566 835 877 878 falsificatum
907 835 1098 886 dicitur,
1126 836 1259 892 quod
1287 836 1588 892 applicatum
1622 845 1697 879 est
1729 836 1859 879 malo
1892 849 1978 892 per
2009 849 2126 879 con-

260 892 563 937 firmationes
584 895 648 948 (n.
667 893 823 948 8602[?
847 894 1015 948 8062]).

260 1009 286 1052 8
349 950 495 1009 Quod
530 951 840 995 falsificatum
873 966 1043 995 verum
1077 952 1140 996 sit
1172 960 1346 995 contra
1370 966 1540 996 verum
1574 961 1623 996 et
1655 953 1840 995 bonum
1871 954 1934 1008 (n.
1966 952 2124 1008 8602[?

287 1010 431 1064 0621).

351 1068 504 1112 Porro
526 1069 588 1112 de
611 1067 1036 1112 falsificationibus
1058 1069 1160 1112 veri
1187 1070 1251 1124 (n.
1275 1069 1403 1123 7318,
1428 1080 1556 1125 7319,
1586 1070 1760 1124 10648).

258 1216 388 1265 172·
430 1209 506 1251 De
526 1209 747 1266 profano
768 1214 813 1252 et
833 1210 1190 1266 Profanalz'one
1213 1214 1280 1263 (de
1299 1226 1379 1261 qua
1396 1226 1528 1262 supra,
1547 1226 1586 1252 n.
1610 1215 1694 1261 169,
1714 1215 1754 1250 in
1775 1215 2000 1263 Doe'crina).

345 1305 492 1365 Quod
527 1307 805 1364 profanatio
837 1308 901 1351 sit
933 1307 1223 1351 commixtio
1249 1307 1366 1350 boni
1399 1315 1449 1350 et
1481 1306 1609 1357 mali,
1643 1315 1749 1350 tum
1775 1307 1877 1351 veri
1921 1316 1971 1352 et
2013 1308 2119 1352 falsi

255 1367 386 1422 apud
410 1366 663 1409 hominem
690 1369 754 1422 (n.
777 1367 928 1421 6348).

344 1423 490 1482 Quod
519 1424 776 1481 profanare
806 1427 933 1468 bona
958 1433 1008 1468 et
1033 1438 1160 1475 vera,
1188 1438 1273 1468 seu
1301 1422 1470 1467 sancta
1496 1424 1729 1467 ecclesiae
1755 1432 1805 1467 et
1831 1424 1995 1475 Verbi,
2021 1439 2119 1469 non

255 1483 445 1539 possint
466 1483 547 1526 alii
571 1497 717 1540 quam
736 1484 818 1540 qui
843 1484 1054 1540 primum
1074 1491 1350 1540 agnoscunt
1374 1483 1466 1531 illa,
1485 1483 1694 1525 credunt
1718 1483 1810 1532 illa,
1830 1492 1878 1526 et
1902 1484 2056 1541 magis
2079 1485 2118 1527 si

253 1542 427 1584 vivunt
449 1543 719 1585 secundum
748 1543 841 1592 illa,
866 1556 922 1585 ac
949 1551 1122 1598 postea
1143 1543 1380 1585 recedunt
1406 1555 1435 1584 a
1461 1541 1570 1590 fide,
1595 1555 1694 1584 non
1718 1543 1926 1585 credunt
1954 1543 2046 1593 illa,
2070 1553 2120 1586 et

253 1599 427 1643 vivunt
452 1601 543 1643 sibi
571 1609 620 1643 et
648 1602 834 1644 mundo
864 1603 927 1656 (n.
960 1611 1054 1656 593,
1084 1601 1206 1650 1008,
1235 1613 1358 1650 1010,
1387 1610 1509 1655 1059,
1535 1600 1660 1655 3398,
1687 1613 1812 1655 3399,
1839 1601 1964 1656 3898,
1988 1602 2116 1657 4289,

252 1659 380 1711 4601,
410 1658 591 1714 10284[?
615 1659 759 1714 8394]‚
790 1660 964 1714 10287).

343 1717 489 1775 Quod
522 1718 605 1774 qui
645 1719 694 1760 in
727 1718 936 1774 pueritia
968 1718 1125 1761 credit
1156 1731 1284 1767 vera,
1319 1726 1368 1761 et
1406 1725 1578 1774 postea
1610 1731 1709 1760 non
1743 1719 1911 1768 credit,
1946 1719 2119 1762 leviter

253 1778 504 1832 profanet;
546 1786 596 1820 at
629 1777 762 1833 quod
796 1777 879 1834 qui
912 1791 1028 1820 vera
1054 1777 1184 1833 apud
1218 1790 1270 1820 se
1303 1785 1475 1832 postea
1506 1776 1779 1825 confirmat,
1807 1786 1857 1820 et
1890 1777 2003 1820 dein
2038 1778 2118 1820 illa

253 1842 413 1892 negat,
435 1835 650 1892 graviter
671 1835 898 1892 profanet
922 1838 987 1888 (n.
1010 1835 1168 1902 6960[?
1190 1835 1339 1890 6959],
1366 1835 1495 1890 6963,
1518 1835 1668 1901 6971).

341 1892 488 1952 Quod
511 1894 658 1937 etiam
684 1895 946 1950 profanent
978 1895 1062 1950 qui
1085 1894 1293 1937 credunt
1316 1907 1430 1936 vera
1452 1903 1501 1936 et
1523 1895 1698 1936 vivunt
1720 1894 1869 1945 male;
1901 1902 2008 1937 tum
2032 1895 2115 1952 qui

252 1965 351 1996 non
374 1953 582 1996 credunt
604 1967 731 2002 vera,
756 1962 805 1996 et
826 1953 1002 1996 vivunt
1023 1951 1192 1996 san&e
1217 1954 1282 2005 (n.
1307 1952 1464 2007 8082[?
1488 1952 1658 2006 8882]).

341 2009 487 2068 Quod
512 2011 676 2060 homo,
697 2012 736 2054 si
759 2020 872 2067 post
895 2011 1248 2067 paenitentiam
1272 2011 1434 2054 cordis
1452 2011 1514 2053 ad
1538 2011 1666 2053 mala
1688 2011 1850 2067 priora
1868 2011 2111 2063 relabitur

253 2069 491 2124 profanet,
510 2078 561 2113 et
580 2071 718 2137 quod
741 2079 860 2113 tunc
883 2079 1041 2113 status
1058 2071 1165 2126 ejus
1189 2069 1431 2126 posterior
1452 2069 1515 2113 sit
1538 2070 1677 2126 pejor
1699 2070 1848 2125 priori
1876 2072 1940 2136 (n
1965 2070 2114 2125 8394).

341 2127 488 2186 Quod
507 2129 590 2195 qui
611 2129 658 2170 in
679 2128 961 2172 Christiano
977 2129 1093 2172 orbe
1108 2137 1440 2184 conspurcant
1454 2127 1623 2171 sancta
1638 2128 1787 2171 Verbi
1803 2142 1889 2185 per
1904 2129 2115 2171 immun-

251 2187 339 2230 das
363 2187 690 2244 cogitationes
713 2196 762 2230 et
785 2188 1018 2244 loquelas,
1043 2187 1304 2243 profanent
1329 2188 1395 2241 (n.
1413 2198 1546 2242 4050,
1575 2190 1719 2241 5390).

339 2243 487 2303 Quod
510 2247 646 2289 varia
666 2259 848 2303 genera
871 2245 1266 2302 profanationum
1289 2245 1388 2288 sint
1415 2247 1478 2300 (n.
1507 2246 1682 2299 10287).

339 2350 486 2409 Quod
515 2353 581 2395 illi
608 2352 778 2396 sanCta
803 2353 1062 2409 profanare
1088 2366 1188 2396 non
1215 2353 1406 2409 possint
1448 2352 1531 2409 qui
1558 2366 1658 2395 non
1684 2361 1992 2410 agnoverunt
2019 2353 2112 2402 illa,

250 2410 412 2454 minus
435 2411 519 2467 qui
543 2425 641 2455 non
665 2412 827 2455 sciunt
851 2412 932 2455 illa
958 2415 1021 2468 (n.
1053 2412 1174 2462 1008,
1204 2424 1329 2460 1010,
1359 2422 1481 2466 1059,
1505 2412 1633 2466 9188,
1663 2411 1844 2466 10284[?
1873 2412 2065 2478 10287]).

338 2469 485 2528 Quod
523 2471 607 2527 qui
651 2471 778 2514 intra
815 2471 1071 2514 ecclesiam
1115 2478 1243 2520 sunt,
1273 2470 1531 2526 profanare
1568 2469 1738 2513 sanc'ta
1775 2470 1979 2527 possint,
2014 2484 2112 2513 non

248 2537 415 2571 autem
433 2529 516 2585 qui
539 2537 678 2572 extra
702 2532 768 2584 (n.
794 2531 942 2584 2051).

338 2587 484 2645 Quod
512 2596 697 2644 gentes,
725 2588 840 2644 quia
866 2597 1004 2631 extra
1030 2587 1299 2636 ecclesiam,
1328 2595 1377 2630 et
1409 2601 1507 2630 non
1542 2587 1726 2630 habent
1752 2587 1984 2637 Verbum,
2013 2602 2112 2631 non

249 2647 506 2702 profanare
530 2647 720 2702 possint
745 2649 810 2702 (n.
839 2658 961 2702 1327,
992 2648 1114 2702 1328,
1142 2657 1267 2701 2051,
1294 2646 1449 2701 2081[?
1473 2647 1645 2701 9021]).

337 2703 484 2762 Quod
520 2719 610 2748 nec
646 2705 819 2763 Judaei
853 2704 1022 2749 sancia
1054 2706 1287 2748 interiora
1315 2705 1463 2748 Verbi
1502 2714 1551 2748 et
1588 2705 1835 2754 ecclesiae,
1865 2704 1980 2761 quia
2012 2719 2116 2748 non⁴

247 2771 523 2820 agnoscunt
546 2764 627 2807 illa
651 2767 716 2819 (n.
739 2765 889 2819 6963).

337 2821 484 2879 Quod
524 2822 636 2866 ideo
675 2822 876 2880 Judaeis
919 2836 1008 2866 nec
1044 2821 1238 2866 detecta
1275 2821 1456 2865 fuerint
1489 2822 1722 2865 interiora
1753 2836 1880 2871 vera,
1920 2835 2033 2864 nam
2071 2823 2111 2865 si

248 2879 442 2924 detecta
464 2889 514 2924 et
535 2882 715 2938 agnita,
740 2881 1131 2938 profanavissent
1156 2882 1237 2923 illa
1261 2883 1325 2936 (n.
1350 2881 1477 2935 3398,
1503 2880 1659 2936 3489[?
1684 2882 1828 2936 3479],
1852 2881 2003 2936 6963).

338 2967 622 3012 Profanatio
660 2969 951 3027 intelligitur
988 2983 1073 3026 per
1111 2969 1314 3012 Domini
1346 2969 1495 3012 verba
1526 2982 1674 3024 supra
1713 2970 1777 3024 (n.
1815 2968 1914 3023 169)
1950 2969 2109 3017 allata,

249 3049 440 3092 nempe,

322 3138 344 3153 ‘⁸
359 3135 533 3181 Quando
546 3164 555 3174 .
570 3165 579 3173 .
592 3136 822 3173 immundus
839 3136 996 3183 spititus
1014 3137 1093 3172 exit
1111 3136 1162 3171 ab
1179 3135 1353 3179 homine,
1368 3135 1618 3181 perambulat
1635 3135 1785 3171 arentia
1801 3135 1902 3177 loca,
1918 3146 2112 3181 quaerens

445 3187 634 3232 requiem,
649 3188 720 3223 sed
734 3198 815 3222 non
830 3188 996 3229 invenit:
1026 3193 1120 3222 tunc
1135 3187 1244 3228 dixit,
1264 3187 1454 3221 Revertar
1466 3186 1506 3221 in
1522 3187 1686 3221 domurn
1702 3197 1845 3228 meam,
1863 3187 1969 3221 unde
1988 3186 2108 3229 exivi;

445 3248 618 3282 cumque
639 3238 745 3272 venit
765 3243 803 3273 et
825 3237 967 3283 reperit
988 3237 1094 3272 illam
1117 3247 1296 3278 vacuam,
1317 3242 1355 3271 et
1376 3237 1506 3282 scopis
1524 3242 1745 3282 purgatam,
1766 3241 1804 3271 et
1825 3242 2004 3271 ornatam
2023 3236 2109 3276 sibi,

446 3292 539 3323 tunc
557 3287 638 3322 abit
657 3292 694 3322 et
712 3288 892 3334 adjungit
910 3287 980 3323 sibi
1001 3293 1151 3334 septem
1167 3287 1264 3322 alios
1283 3287 1439 3332 spiritus
1458 3287 1610 3332 pejores
1628 3298 1681 3328 se,
1697 3291 1736 3320 et
1753 3286 1914 3332 ingressi
1932 3286 2111 3321 habitant

443 3337 519 3380 ibi;
548 3342 586 3373 et
607 3337 708 3373 fiunt
728 3338 945 3384 posteriora
962 3338 1133 3373 hominis
1151 3338 1286 3384 pej0ra
1305 3337 1438 3383 primis
1453 3336 1472 3347 '⁸
1496 3337 1660 3383 (Mattlz.
1681 3336 1744 3373 xii.
1764 3336 1921 3382 43-45).

246 3446 333 3490 per
362 3434 496 3490 quod
520 3440 544 3457 ‘⁴
561 3443 703 3478 exeat
736 3435 1020 3478 immundus
1044 3435 1244 3491 spiritus
1267 3435 1328 3476 ab
1361 3434 1605 3483 homine,”
1630 3434 1922 3490 intelligitur
1943 3434 2108 3490 paeni-

244 3500 402 3544 tentia
417 3501 544 3544 illius
560 3502 704 3558 quiin
722 3502 851 3545 malo
867 3510 942 3545 est
958 3517 967 3552 ;
991 3516 1077 3557 per
1091 3502 1223 3557 quod
1242 3501 1586 3556 “perambulet
1601 3501 1789 3543 arentia
1803 3501 1922 3549 loca,
1939 3509 1989 3543 et
2006 3514 2106 3543 non

246 3568 464 3610 inveniat
490 3569 751 3624 requiem,”
776 3569 1066 3625 intelligitur
1091 3568 1224 3624 quod
1251 3568 1354 3610 vita
1385 3568 1501 3610 boni
1535 3567 1578 3610 ei
1610 3567 1722 3610 talis
1749 3567 1836 3617 sit;
1874 3581 1960 3623 per
1982 3569 2108 3611 “do-

245 3634 423 3684 mum,”
440 3634 488 3677 in
506 3648 666 3691 quam,
683 3636 800 3692 quia
817 3636 996 3692 reperit
1012 3649 1219 3678 vacuam
1238 3643 1287 3678 et
1306 3635 1396 3678 sibi
1415 3643 1653 3683 ornatam,
1671 3635 1942 3684 revertitur,
1963 3635 2105 3678 intel-

244 3700 413 3758 ligitur
430 3701 531 3758 ipse
550 3701 700 3746 homo
718 3710 766 3746 et
784 3703 889 3759 ejus
907 3702 1150 3753 voluntas,
1166 3702 1299 3758 quod
1319 3701 1382 3745 sit
1398 3702 1582 3758 absque
1600 3702 1755 3752 b0n0;
1784 3715 1869 3758 per
1883 3707 2100 3758 “septem
