<?xml version="1.0" encoding="UTF-8"?>
<!DOCTYPE html PUBLIC "-//W3C//DTD XHTML 1.0 Transitional//EN"
    "http://www.w3.org/TR/xhtml1/DTD/xhtml1-transitional.dtd">
<html xmlns="http://www.w3.org/1999/xhtml" xml:lang="en" lang="en">
 <head>
  <title>
</title>
<meta http-equiv="Content-Type" content="text/html;charset=utf-8" />
  <meta name='ocr-system' content='tesseract 3.04.00' />
  <meta name='ocr-capabilities' content='ocr_page ocr_carea ocr_par ocr_line ocrx_word'/>
</head>
<body>
  <div class='ocr_page' id='page_1' title='image "1885denovahieros00sweduoft_0090.png"; bbox 0 0 2496 4250; ppageno 0'>
   <div class='ocr_carea' id='block_1_1' title="bbox 475 387 1809 450">
    <p class='ocr_par' dir='ltr' id='par_1_1' title="bbox 475 387 1809 450">
     <span class='ocr_line' id='line_1_1' title="bbox 475 387 1809 450; baseline 0.01 -14"><span class='ocrx_word' id='word_1_1' title='bbox 475 387 547 450; x_wconf 89' lang='lat'><strong>84</strong></span> <span class='ocrx_word' id='word_1_2' title='bbox 1015 402 1097 442; x_wconf 87' lang='lat' dir='ltr'><strong>DE</strong></span> <span class='ocrx_word' id='word_1_3' title='bbox 1138 403 1311 443; x_wconf 86' lang='lat' dir='ltr'>NOVA</span> <span class='ocrx_word' id='word_1_4' title='bbox 1352 405 1809 449; x_wconf 82' lang='lat' dir='ltr'>HIEROSOLYMA</span> 
     </span>
    </p>
   </div>
   <div class='ocr_carea' id='block_1_2' title="bbox 1347 773 1481 842">
    <p class='ocr_par' dir='ltr' id='par_1_2' title="bbox 1347 773 1481 842">
     <span class='ocr_line' id='line_1_2' title="bbox 1347 773 1481 842; baseline 0.015 -2"><span class='ocrx_word' id='word_1_5' title='bbox 1347 773 1481 842; x_wconf 86' lang='lat' dir='ltr'>[1x.]</span> 
     </span>
    </p>
   </div>
   <div class='ocr_carea' id='block_1_3' title="bbox 1010 965 1803 1030">
    <p class='ocr_par' dir='ltr' id='par_1_3' title="bbox 1010 965 1803 1030">
     <span class='ocr_line' id='line_1_3' title="bbox 1010 965 1803 1030; baseline 0.006 -6"><span class='ocrx_word' id='word_1_6' title='bbox 1010 965 1130 1024; x_wconf 81' lang='lat' dir='ltr'><strong>DE</strong></span> <span class='ocrx_word' id='word_1_7' title='bbox 1189 967 1803 1030; x_wconf 86' lang='lat' dir='ltr'><strong>CONSCIENTIA.</strong></span> 
     </span>
    </p>
   </div>
   <div class='ocr_carea' id='block_1_4' title="bbox 467 1270 2325 1540">
    <p class='ocr_par' dir='ltr' id='par_1_4' title="bbox 467 1270 2325 1540">
     <span class='ocr_line' id='line_1_4' title="bbox 467 1270 2325 1540; baseline 0.005 -175"><span class='ocrx_word' id='word_1_8' title='bbox 467 1270 1176 1540; x_wconf 54' lang='grc' dir='ltr'><strong>130Ο.ΟΝ5(ΣΙΕΝΤΙΑ</strong></span> <span class='ocrx_word' id='word_1_9' title='bbox 1209 1318 1480 1370; x_wconf 88' lang='lat' dir='ltr'><strong>formatur</strong></span> <span class='ocrx_word' id='word_1_10' title='bbox 1497 1319 1648 1386; x_wconf 84' lang='lat' dir='ltr'><strong>apud</strong></span> <span class='ocrx_word' id='word_1_11' title='bbox 1677 1319 1964 1371; x_wconf 90' lang='lat' dir='ltr'><strong>hominem</strong></span> <span class='ocrx_word' id='word_1_12' title='bbox 1992 1338 2065 1372; x_wconf 85' lang='lat' dir='ltr'><strong>ex</strong></span> <span class='ocrx_word' id='word_1_13' title='bbox 2099 1321 2325 1389; x_wconf 86' lang='lat' dir='ltr'><strong>religio-</strong></span> 
     </span>
    </p>
   </div>
   <div class='ocr_carea' id='block_1_5' title="bbox 461 1397 2327 3420">
    <p class='ocr_par' dir='ltr' id='par_1_5' title="bbox 732 1397 2325 1526">
     <span class='ocr_line' id='line_1_5' title="bbox 733 1397 2325 1465; baseline 0.004 -19"><span class='ocrx_word' id='word_1_14' title='bbox 733 1413 797 1447; x_wconf 92' lang='lat' dir='ltr'><strong>so</strong></span> <span class='ocrx_word' id='word_1_15' title='bbox 842 1397 896 1446; x_wconf 91' lang='lat' dir='ltr'><strong>in</strong></span> <span class='ocrx_word' id='word_1_16' title='bbox 937 1414 1047 1462; x_wconf 88' lang='lat' dir='ltr'><strong>quo</strong></span> <span class='ocrx_word' id='word_1_17' title='bbox 1086 1406 1191 1457; x_wconf 90' lang='lat' dir='ltr'><strong>est,</strong></span> <span class='ocrx_word' id='word_1_18' title='bbox 1236 1398 1544 1448; x_wconf 89' lang='lat' dir='ltr'><strong>secundum</strong></span> <span class='ocrx_word' id='word_1_19' title='bbox 1590 1399 1976 1464; x_wconf 82' lang='lat' dir='ltr'><strong>receptionem</strong></span> <span class='ocrx_word' id='word_1_20' title='bbox 2015 1399 2130 1465; x_wconf 87' lang='lat' dir='ltr'><strong>ejus</strong></span> <span class='ocrx_word' id='word_1_21' title='bbox 2174 1401 2325 1452; x_wconf 90' lang='lat' dir='ltr'><strong>intus</strong></span> 
     </span>
     <span class='ocr_line' id='line_1_6' title="bbox 732 1476 892 1526; baseline 0 -1"><span class='ocrx_word' id='word_1_22' title='bbox 732 1476 787 1525; x_wconf 88' lang='lat' dir='ltr'><strong>in</strong></span> <span class='ocrx_word' id='word_1_23' title='bbox 816 1492 892 1526; x_wconf 93' lang='lat' dir='ltr'><strong>se.</strong></span> 
     </span>
    </p>

    <p class='ocr_par' dir='ltr' id='par_1_6' title="bbox 463 1557 2327 2333">
     <span class='ocr_line' id='line_1_7' title="bbox 804 1557 2326 1625; baseline 0.001 -13"><span class='ocrx_word' id='word_1_24' title='bbox 804 1572 954 1625; x_wconf 77' lang='lat'>131.</span> <span class='ocrx_word' id='word_1_25' title='bbox 1008 1557 1370 1609; x_wconf 80' lang='lat' dir='ltr'><strong>Conscientia</strong></span> <span class='ocrx_word' id='word_1_26' title='bbox 1401 1559 1549 1625; x_wconf 91' lang='lat' dir='ltr'><strong>apud</strong></span> <span class='ocrx_word' id='word_1_27' title='bbox 1589 1559 1878 1610; x_wconf 90' lang='lat' dir='ltr'><strong>hominem</strong></span> <span class='ocrx_word' id='word_1_28' title='bbox 1912 1559 2188 1612; x_wconf 87' lang='lat' dir='ltr'><strong>ecclesiae</strong></span> <span class='ocrx_word' id='word_1_29' title='bbox 2215 1561 2326 1613; x_wconf 87' lang='lat' dir='ltr'><strong>for-</strong></span> 
     </span>
     <span class='ocr_line' id='line_1_8' title="bbox 466 1635 2324 1702; baseline 0.003 -16"><span class='ocrx_word' id='word_1_30' title='bbox 466 1645 652 1687; x_wconf 88' lang='lat' dir='ltr'><strong>matur</strong></span> <span class='ocrx_word' id='word_1_31' title='bbox 691 1653 789 1702; x_wconf 90' lang='lat' dir='ltr'><strong>per</strong></span> <span class='ocrx_word' id='word_1_32' title='bbox 821 1653 952 1686; x_wconf 88' lang='lat' dir='ltr'><strong>vera</strong></span> <span class='ocrx_word' id='word_1_33' title='bbox 990 1635 1118 1686; x_wconf 86' lang='lat' dir='ltr'><strong>fidei</strong></span> <span class='ocrx_word' id='word_1_34' title='bbox 1160 1654 1232 1687; x_wconf 85' lang='lat' dir='ltr'><strong>ex</strong></span> <span class='ocrx_word' id='word_1_35' title='bbox 1267 1637 1478 1697; x_wconf 85' lang='lat' dir='ltr'><strong>VerbO,</strong></span> <span class='ocrx_word' id='word_1_36' title='bbox 1515 1645 1611 1688; x_wconf 88' lang='lat' dir='ltr'><strong>aut</strong></span> <span class='ocrx_word' id='word_1_37' title='bbox 1646 1655 1719 1688; x_wconf 83' lang='lat' dir='ltr'><strong>ex</strong></span> <span class='ocrx_word' id='word_1_38' title='bbox 1761 1637 2018 1689; x_wconf 61' lang='lat' dir='ltr'><strong>doctrina</strong></span> <span class='ocrx_word' id='word_1_39' title='bbox 2050 1657 2080 1690; x_wconf 92' lang='lat' dir='ltr'><strong>e</strong></span> <span class='ocrx_word' id='word_1_40' title='bbox 2113 1639 2324 1700; x_wconf 83' lang='lat' dir='ltr'><strong>VerbO,</strong></span> 
     </span>
     <span class='ocr_line' id='line_1_9' title="bbox 465 1714 2327 1781; baseline 0.003 -17"><span class='ocrx_word' id='word_1_41' title='bbox 465 1716 772 1766; x_wconf 88' lang='lat' dir='ltr'><strong>secundum</strong></span> <span class='ocrx_word' id='word_1_42' title='bbox 806 1716 1191 1781; x_wconf 86' lang='lat' dir='ltr'><strong>receptionem</strong></span> <span class='ocrx_word' id='word_1_43' title='bbox 1220 1714 1445 1765; x_wconf 88' lang='lat' dir='ltr'><strong>illorum</strong></span> <span class='ocrx_word' id='word_1_44' title='bbox 1477 1716 1532 1765; x_wconf 91' lang='lat' dir='ltr'><strong>in</strong></span> <span class='ocrx_word' id='word_1_45' title='bbox 1573 1717 1774 1779; x_wconf 89' lang='lat' dir='ltr'><strong>corde;</strong></span> <span class='ocrx_word' id='word_1_46' title='bbox 1816 1733 1946 1767; x_wconf 89' lang='lat' dir='ltr'><strong>nam</strong></span> <span class='ocrx_word' id='word_1_47' title='bbox 1987 1734 2113 1768; x_wconf 90' lang='lat' dir='ltr'><strong>cum</strong></span> <span class='ocrx_word' id='word_1_48' title='bbox 2154 1717 2327 1769; x_wconf 92' lang='lat' dir='ltr'><strong>homo</strong></span> 
     </span>
     <span class='ocr_line' id='line_1_10' title="bbox 465 1793 2327 1860; baseline 0.002 -16"><span class='ocrx_word' id='word_1_49' title='bbox 465 1795 571 1844; x_wconf 90' lang='lat' dir='ltr'><strong>scit</strong></span> <span class='ocrx_word' id='word_1_50' title='bbox 599 1812 730 1844; x_wconf 89' lang='lat' dir='ltr'><strong>vera</strong></span> <span class='ocrx_word' id='word_1_51' title='bbox 762 1793 908 1854; x_wconf 88' lang='lat' dir='ltr'><strong>fidei,</strong></span> <span class='ocrx_word' id='word_1_52' title='bbox 944 1801 1001 1844; x_wconf 93' lang='lat' dir='ltr'><strong>et</strong></span> <span class='ocrx_word' id='word_1_53' title='bbox 1035 1795 1183 1860; x_wconf 81' lang='lat' dir='ltr'><strong>capit</strong></span> <span class='ocrx_word' id='word_1_54' title='bbox 1218 1793 1315 1844; x_wconf 90' lang='lat' dir='ltr'><strong>illa</strong></span> <span class='ocrx_word' id='word_1_55' title='bbox 1348 1811 1448 1844; x_wconf 89' lang='lat' dir='ltr'><strong>suo</strong></span> <span class='ocrx_word' id='word_1_56' title='bbox 1477 1794 1665 1854; x_wconf 89' lang='lat' dir='ltr'><strong>mod0‚</strong></span> <span class='ocrx_word' id='word_1_57' title='bbox 1705 1811 1769 1845; x_wconf 89' lang='lat' dir='ltr'><strong>ac</strong></span> <span class='ocrx_word' id='word_1_58' title='bbox 1804 1795 1931 1846; x_wconf 90' lang='lat' dir='ltr'><strong>dein</strong></span> <span class='ocrx_word' id='word_1_59' title='bbox 1967 1795 2089 1847; x_wconf 87' lang='lat' dir='ltr'><strong>vult</strong></span> <span class='ocrx_word' id='word_1_60' title='bbox 2118 1796 2232 1857; x_wconf 85' lang='lat' dir='ltr'><strong>illa,</strong></span> <span class='ocrx_word' id='word_1_61' title='bbox 2267 1805 2327 1848; x_wconf 91' lang='lat' dir='ltr'><strong>et</strong></span> 
     </span>
     <span class='ocr_line' id='line_1_11' title="bbox 464 1871 2327 1939; baseline 0.002 -17"><span class='ocrx_word' id='word_1_62' title='bbox 464 1873 597 1923; x_wconf 86' lang='lat' dir='ltr'><strong>facit</strong></span> <span class='ocrx_word' id='word_1_63' title='bbox 631 1872 745 1933; x_wconf 89' lang='lat' dir='ltr'><strong>illa,</strong></span> <span class='ocrx_word' id='word_1_64' title='bbox 778 1880 912 1922; x_wconf 87' lang='lat' dir='ltr'><strong>tunc</strong></span> <span class='ocrx_word' id='word_1_65' title='bbox 947 1871 1007 1922; x_wconf 86' lang='lat' dir='ltr'><strong>fit</strong></span> <span class='ocrx_word' id='word_1_66' title='bbox 1042 1873 1090 1922; x_wconf 86' lang='lat' dir='ltr'><strong>ei</strong></span> <span class='ocrx_word' id='word_1_67' title='bbox 1131 1872 1511 1922; x_wconf 89' lang='lat' dir='ltr'><strong>conscientia:</strong></span> <span class='ocrx_word' id='word_1_68' title='bbox 1555 1874 1809 1939; x_wconf 89' lang='lat' dir='ltr'><strong>receptio</strong></span> <span class='ocrx_word' id='word_1_69' title='bbox 1847 1874 1902 1923; x_wconf 94' lang='lat' dir='ltr'><strong>in</strong></span> <span class='ocrx_word' id='word_1_70' title='bbox 1943 1875 2111 1925; x_wconf 90' lang='lat' dir='ltr'><strong>corde</strong></span> <span class='ocrx_word' id='word_1_71' title='bbox 2145 1882 2233 1925; x_wconf 89' lang='lat' dir='ltr'><strong>est</strong></span> <span class='ocrx_word' id='word_1_72' title='bbox 2271 1875 2327 1925; x_wconf 90' lang='lat' dir='ltr'><strong>in</strong></span> 
     </span>
     <span class='ocr_line' id='line_1_12' title="bbox 463 1949 2325 2018; baseline 0.001 -17"><span class='ocrx_word' id='word_1_73' title='bbox 463 1951 780 2012; x_wconf 85' lang='lat' dir='ltr'><strong>voluntate,</strong></span> <span class='ocrx_word' id='word_1_74' title='bbox 825 1966 955 2000; x_wconf 88' lang='lat' dir='ltr'><strong>nam</strong></span> <span class='ocrx_word' id='word_1_75' title='bbox 995 1949 1262 2000; x_wconf 85' lang='lat' dir='ltr'><strong>voluntas</strong></span> <span class='ocrx_word' id='word_1_76' title='bbox 1315 1950 1557 2000; x_wconf 90' lang='lat' dir='ltr'><strong>hominis</strong></span> <span class='ocrx_word' id='word_1_77' title='bbox 1604 1959 1690 2001; x_wconf 89' lang='lat' dir='ltr'><strong>est</strong></span> <span class='ocrx_word' id='word_1_78' title='bbox 1738 1969 1880 2018; x_wconf 88' lang='lat' dir='ltr'><strong>quae</strong></span> <span class='ocrx_word' id='word_1_79' title='bbox 1929 1960 2166 2003; x_wconf 88' lang='lat' dir='ltr'><strong>vocatur</strong></span> <span class='ocrx_word' id='word_1_80' title='bbox 2212 1969 2325 2003; x_wconf 89' lang='lat' dir='ltr'><strong>cor.</strong></span> 
     </span>
     <span class='ocr_line' id='line_1_13' title="bbox 466 2028 2327 2095; baseline 0.001 -15"><span class='ocrx_word' id='word_1_81' title='bbox 466 2031 605 2080; x_wconf 90' lang='lat' dir='ltr'><strong>Inde</strong></span> <span class='ocrx_word' id='word_1_82' title='bbox 652 2037 759 2090; x_wconf 88' lang='lat' dir='ltr'><strong>est,</strong></span> <span class='ocrx_word' id='word_1_83' title='bbox 813 2028 962 2095; x_wconf 86' lang='lat' dir='ltr'><strong>quod</strong></span> <span class='ocrx_word' id='word_1_84' title='bbox 1012 2028 1092 2079; x_wconf 92' lang='lat' dir='ltr'><strong>illi</strong></span> <span class='ocrx_word' id='word_1_85' title='bbox 1140 2030 1231 2095; x_wconf 89' lang='lat' dir='ltr'><strong>qui</strong></span> <span class='ocrx_word' id='word_1_86' title='bbox 1283 2030 1692 2080; x_wconf 80' lang='lat' dir='ltr'><strong>conscientiam</strong></span> <span class='ocrx_word' id='word_1_87' title='bbox 1743 2030 1976 2091; x_wconf 90' lang='lat' dir='ltr'><strong>habent,</strong></span> <span class='ocrx_word' id='word_1_88' title='bbox 2030 2048 2104 2081; x_wconf 88' lang='lat' dir='ltr'><strong>ex</strong></span> <span class='ocrx_word' id='word_1_89' title='bbox 2156 2031 2327 2082; x_wconf 89' lang='lat' dir='ltr'><strong>corde</strong></span> 
     </span>
     <span class='ocr_line' id='line_1_14' title="bbox 464 2107 2324 2176; baseline 0.001 -18"><span class='ocrx_word' id='word_1_90' title='bbox 464 2110 768 2175; x_wconf 87' lang='lat' dir='ltr'><strong>loquantur</strong></span> <span class='ocrx_word' id='word_1_91' title='bbox 790 2125 933 2174; x_wconf 90' lang='lat' dir='ltr'><strong>quae</strong></span> <span class='ocrx_word' id='word_1_92' title='bbox 956 2107 1276 2174; x_wconf 88' lang='lat' dir='ltr'><strong>loquuntur,</strong></span> <span class='ocrx_word' id='word_1_93' title='bbox 1302 2116 1358 2158; x_wconf 84' lang='lat' dir='ltr'><strong>et</strong></span> <span class='ocrx_word' id='word_1_94' title='bbox 1389 2125 1462 2159; x_wconf 87' lang='lat' dir='ltr'><strong>ex</strong></span> <span class='ocrx_word' id='word_1_95' title='bbox 1486 2109 1656 2159; x_wconf 91' lang='lat' dir='ltr'><strong>corde</strong></span> <span class='ocrx_word' id='word_1_96' title='bbox 1679 2108 1887 2160; x_wconf 85' lang='lat' dir='ltr'><strong>faciant</strong></span> <span class='ocrx_word' id='word_1_97' title='bbox 1911 2126 2053 2176; x_wconf 92' lang='lat' dir='ltr'><strong>quae</strong></span> <span class='ocrx_word' id='word_1_98' title='bbox 2080 2109 2291 2160; x_wconf 88' lang='lat' dir='ltr'><strong>faciunt</strong></span> <span class='ocrx_word' id='word_1_99' title='bbox 2313 2126 2324 2160; x_wconf 88' lang='lat'><strong>:</strong></span> 
     </span>
     <span class='ocr_line' id='line_1_15' title="bbox 464 2186 2327 2251; baseline 0.001 -13"><span class='ocrx_word' id='word_1_100' title='bbox 464 2189 677 2238; x_wconf 88' lang='lat' dir='ltr'><strong>habent</strong></span> <span class='ocrx_word' id='word_1_101' title='bbox 710 2188 881 2238; x_wconf 89' lang='lat' dir='ltr'><strong>etiam</strong></span> <span class='ocrx_word' id='word_1_102' title='bbox 915 2186 994 2237; x_wconf 91' lang='lat' dir='ltr'><strong>illi</strong></span> <span class='ocrx_word' id='word_1_103' title='bbox 1027 2194 1278 2237; x_wconf 88' lang='lat' dir='ltr'><strong>mentem</strong></span> <span class='ocrx_word' id='word_1_104' title='bbox 1314 2203 1426 2237; x_wconf 90' lang='lat' dir='ltr'><strong>non</strong></span> <span class='ocrx_word' id='word_1_105' title='bbox 1459 2187 1730 2251; x_wconf 87' lang='lat' dir='ltr'><strong>divisam;</strong></span> <span class='ocrx_word' id='word_1_106' title='bbox 1773 2204 1902 2238; x_wconf 88' lang='lat' dir='ltr'><strong>nam</strong></span> <span class='ocrx_word' id='word_1_107' title='bbox 1931 2188 2239 2239; x_wconf 90' lang='lat' dir='ltr'><strong>secundum</strong></span> <span class='ocrx_word' id='word_1_108' title='bbox 2271 2188 2327 2239; x_wconf 92' lang='lat' dir='ltr'><strong>id</strong></span> 
     </span>
     <span class='ocr_line' id='line_1_16' title="bbox 463 2265 2325 2333; baseline 0.001 -17"><span class='ocrx_word' id='word_1_109' title='bbox 463 2267 613 2333; x_wconf 90' lang='lat' dir='ltr'><strong>quod</strong></span> <span class='ocrx_word' id='word_1_110' title='bbox 646 2265 974 2331; x_wconf 80' lang='lat' dir='ltr'><strong>intelligunt</strong></span> <span class='ocrx_word' id='word_1_111' title='bbox 1006 2273 1063 2315; x_wconf 94' lang='lat' dir='ltr'><strong>et</strong></span> <span class='ocrx_word' id='word_1_112' title='bbox 1098 2266 1335 2315; x_wconf 89' lang='lat' dir='ltr'><strong>credunt</strong></span> <span class='ocrx_word' id='word_1_113' title='bbox 1365 2282 1558 2316; x_wconf 88' lang='lat' dir='ltr'><strong>verum</strong></span> <span class='ocrx_word' id='word_1_114' title='bbox 1592 2274 1649 2317; x_wconf 90' lang='lat' dir='ltr'><strong>et</strong></span> <span class='ocrx_word' id='word_1_115' title='bbox 1683 2266 1892 2316; x_wconf 91' lang='lat' dir='ltr'><strong>bonum</strong></span> <span class='ocrx_word' id='word_1_116' title='bbox 1926 2284 2067 2327; x_wconf 89' lang='lat' dir='ltr'><strong>esse,</strong></span> <span class='ocrx_word' id='word_1_117' title='bbox 2098 2267 2325 2318; x_wconf 85' lang='lat' dir='ltr'><strong>faciunt.</strong></span> 
     </span>
    </p>

    <p class='ocr_par' dir='ltr' id='par_1_7' title="bbox 462 2345 2326 2645">
     <span class='ocr_line' id='line_1_17' title="bbox 562 2345 2326 2414; baseline 0.001 -17"><span class='ocrx_word' id='word_1_118' title='bbox 562 2359 715 2413; x_wconf 79' lang='lat'>132.</span> <span class='ocrx_word' id='word_1_119' title='bbox 766 2345 1133 2396; x_wconf 82' lang='lat' dir='ltr'><strong>Conscientia</strong></span> <span class='ocrx_word' id='word_1_120' title='bbox 1166 2345 1466 2411; x_wconf 66' lang='lat' dir='ltr'><strong>perfectior</strong></span> <span class='ocrx_word' id='word_1_121' title='bbox 1497 2354 1692 2412; x_wconf 92' lang='lat' dir='ltr'><strong>potest</strong></span> <span class='ocrx_word' id='word_1_122' title='bbox 1724 2346 1845 2396; x_wconf 87' lang='lat' dir='ltr'><strong>dari</strong></span> <span class='ocrx_word' id='word_1_123' title='bbox 1883 2347 2034 2413; x_wconf 85' lang='lat' dir='ltr'><strong>apud</strong></span> <span class='ocrx_word' id='word_1_124' title='bbox 2071 2347 2201 2398; x_wconf 91' lang='lat' dir='ltr'><strong>illos</strong></span> <span class='ocrx_word' id='word_1_125' title='bbox 2233 2347 2326 2414; x_wconf 91' lang='lat' dir='ltr'><strong>qui</strong></span> 
     </span>
     <span class='ocr_line' id='line_1_18' title="bbox 462 2422 2325 2491; baseline 0.001 -17"><span class='ocrx_word' id='word_1_126' title='bbox 462 2425 519 2474; x_wconf 90' lang='lat' dir='ltr'><strong>in</strong></span> <span class='ocrx_word' id='word_1_127' title='bbox 551 2425 695 2475; x_wconf 89' lang='lat' dir='ltr'><strong>veris</strong></span> <span class='ocrx_word' id='word_1_128' title='bbox 728 2422 856 2473; x_wconf 87' lang='lat' dir='ltr'><strong>fidei</strong></span> <span class='ocrx_word' id='word_1_129' title='bbox 888 2423 1155 2473; x_wconf 86' lang='lat' dir='ltr'><strong>illustrati</strong></span> <span class='ocrx_word' id='word_1_130' title='bbox 1190 2432 1319 2473; x_wconf 83' lang='lat' dir='ltr'><strong>sunt</strong></span> <span class='ocrx_word' id='word_1_131' title='bbox 1354 2440 1487 2489; x_wconf 88' lang='lat' dir='ltr'><strong>prae</strong></span> <span class='ocrx_word' id='word_1_132' title='bbox 1520 2423 1659 2484; x_wconf 80' lang='lat' dir='ltr'><strong>aliis,</strong></span> <span class='ocrx_word' id='word_1_133' title='bbox 1695 2431 1753 2474; x_wconf 87' lang='lat' dir='ltr'><strong>et</strong></span> <span class='ocrx_word' id='word_1_134' title='bbox 1794 2424 1886 2490; x_wconf 90' lang='lat' dir='ltr'><strong>qui</strong></span> <span class='ocrx_word' id='word_1_135' title='bbox 1917 2425 1971 2474; x_wconf 91' lang='lat' dir='ltr'><strong>in</strong></span> <span class='ocrx_word' id='word_1_136' title='bbox 2006 2423 2159 2475; x_wconf 90' lang='lat' dir='ltr'><strong>clara</strong></span> <span class='ocrx_word' id='word_1_137' title='bbox 2198 2442 2325 2491; x_wconf 87' lang='lat' dir='ltr'><strong>per-</strong></span> 
     </span>
     <span class='ocr_line' id='line_1_19' title="bbox 463 2501 2324 2569; baseline 0 -16"><span class='ocrx_word' id='word_1_138' title='bbox 463 2504 726 2569; x_wconf 87' lang='lat' dir='ltr'><strong>ceptione</strong></span> <span class='ocrx_word' id='word_1_139' title='bbox 761 2510 890 2552; x_wconf 89' lang='lat' dir='ltr'><strong>sunt</strong></span> <span class='ocrx_word' id='word_1_140' title='bbox 923 2519 1054 2567; x_wconf 90' lang='lat' dir='ltr'><strong>prae</strong></span> <span class='ocrx_word' id='word_1_141' title='bbox 1088 2501 1227 2561; x_wconf 77' lang='lat' dir='ltr'><strong>aliis,</strong></span> <span class='ocrx_word' id='word_1_142' title='bbox 1264 2518 1431 2567; x_wconf 86' lang='lat' dir='ltr'><strong>quam</strong></span> <span class='ocrx_word' id='word_1_143' title='bbox 1470 2502 1618 2567; x_wconf 91' lang='lat' dir='ltr'><strong>apud</strong></span> <span class='ocrx_word' id='word_1_144' title='bbox 1651 2501 1779 2552; x_wconf 90' lang='lat' dir='ltr'><strong>illos</strong></span> <span class='ocrx_word' id='word_1_145' title='bbox 1813 2503 1904 2569; x_wconf 89' lang='lat' dir='ltr'><strong>qui</strong></span> <span class='ocrx_word' id='word_1_146' title='bbox 1945 2503 2126 2553; x_wconf 90' lang='lat' dir='ltr'><strong>minus</strong></span> <span class='ocrx_word' id='word_1_147' title='bbox 2166 2502 2324 2554; x_wconf 89' lang='lat' dir='ltr'><strong>illus-</strong></span> 
     </span>
     <span class='ocr_line' id='line_1_20' title="bbox 463 2580 1808 2645; baseline -0.001 -14"><span class='ocrx_word' id='word_1_148' title='bbox 463 2582 597 2631; x_wconf 88' lang='lat' dir='ltr'><strong>trati</strong></span> <span class='ocrx_word' id='word_1_149' title='bbox 630 2588 778 2640; x_wconf 89' lang='lat' dir='ltr'><strong>sunt,</strong></span> <span class='ocrx_word' id='word_1_150' title='bbox 810 2587 868 2630; x_wconf 89' lang='lat' dir='ltr'><strong>et</strong></span> <span class='ocrx_word' id='word_1_151' title='bbox 902 2581 957 2629; x_wconf 93' lang='lat' dir='ltr'><strong>in</strong></span> <span class='ocrx_word' id='word_1_152' title='bbox 991 2580 1228 2630; x_wconf 89' lang='lat' dir='ltr'><strong>obscura</strong></span> <span class='ocrx_word' id='word_1_153' title='bbox 1262 2581 1628 2645; x_wconf 89' lang='lat' dir='ltr'><strong>perceptione</strong></span> <span class='ocrx_word' id='word_1_154' title='bbox 1661 2589 1808 2631; x_wconf 87' lang='lat' dir='ltr'><strong>sunt.</strong></span> 
     </span>
    </p>

    <p class='ocr_par' dir='ltr' id='par_1_8' title="bbox 461 2659 2327 3273">
     <span class='ocr_line' id='line_1_21' title="bbox 561 2659 2322 2727; baseline -0.001 -15"><span class='ocrx_word' id='word_1_155' title='bbox 561 2673 717 2727; x_wconf 79' lang='grc'><strong>133.</strong></span> <span class='ocrx_word' id='word_1_156' title='bbox 769 2660 833 2710; x_wconf 90' lang='lat' dir='ltr'><strong>In</strong></span> <span class='ocrx_word' id='word_1_157' title='bbox 856 2677 989 2709; x_wconf 88' lang='lat' dir='ltr'><strong>vera</strong></span> <span class='ocrx_word' id='word_1_158' title='bbox 1018 2659 1368 2709; x_wconf 87' lang='lat' dir='ltr'><strong>conscientia</strong></span> <span class='ocrx_word' id='word_1_159' title='bbox 1396 2666 1484 2709; x_wconf 93' lang='lat' dir='ltr'><strong>est</strong></span> <span class='ocrx_word' id='word_1_160' title='bbox 1513 2659 1634 2724; x_wconf 87' lang='lat' dir='ltr'><strong>ipsa</strong></span> <span class='ocrx_word' id='word_1_161' title='bbox 1660 2660 1778 2709; x_wconf 88' lang='lat' dir='ltr'><strong>vita</strong></span> <span class='ocrx_word' id='word_1_162' title='bbox 1805 2660 2111 2725; x_wconf 85' lang='lat' dir='ltr'><strong>spiritualis</strong></span> <span class='ocrx_word' id='word_1_163' title='bbox 2138 2660 2322 2711; x_wconf 89' lang='lat' dir='ltr'><strong>homi-</strong></span> 
     </span>
     <span class='ocr_line' id='line_1_22' title="bbox 463 2733 2327 2803; baseline 0.001 -16"><span class='ocrx_word' id='word_1_164' title='bbox 463 2739 564 2792; x_wconf 80' lang='lat' dir='ltr'><strong>nis,</strong></span> <span class='ocrx_word' id='word_1_165' title='bbox 597 2746 683 2787; x_wconf 89' lang='lat' dir='ltr'><strong>est</strong></span> <span class='ocrx_word' id='word_1_166' title='bbox 717 2738 864 2787; x_wconf 91' lang='lat' dir='ltr'><strong>enim</strong></span> <span class='ocrx_word' id='word_1_167' title='bbox 898 2737 971 2786; x_wconf 94' lang='lat' dir='ltr'><strong>ibi</strong></span> <span class='ocrx_word' id='word_1_168' title='bbox 1004 2735 1119 2801; x_wconf 90' lang='lat' dir='ltr'><strong>ejus</strong></span> <span class='ocrx_word' id='word_1_169' title='bbox 1149 2735 1285 2785; x_wconf 88' lang='lat' dir='ltr'><strong>fides</strong></span> <span class='ocrx_word' id='word_1_170' title='bbox 1315 2733 1614 2800; x_wconf 62' lang='lat' dir='ltr'><strong>conjuncta</strong></span> <span class='ocrx_word' id='word_1_171' title='bbox 1642 2736 1940 2798; x_wconf 79' lang='lat' dir='ltr'><strong>charitati3</strong></span> <span class='ocrx_word' id='word_1_172' title='bbox 1983 2745 2327 2803; x_wconf 90' lang='lat' dir='ltr'><strong>quapropter</strong></span> 
     </span>
     <span class='ocr_line' id='line_1_23' title="bbox 461 2814 2321 2880; baseline -0.001 -14"><span class='ocrx_word' id='word_1_173' title='bbox 461 2816 643 2866; x_wconf 88' lang='lat' dir='ltr'><strong>facere</strong></span> <span class='ocrx_word' id='word_1_174' title='bbox 677 2834 749 2866; x_wconf 85' lang='lat' dir='ltr'><strong>ex</strong></span> <span class='ocrx_word' id='word_1_175' title='bbox 783 2816 1131 2866; x_wconf 88' lang='lat' dir='ltr'><strong>conscientia</strong></span> <span class='ocrx_word' id='word_1_176' title='bbox 1165 2823 1251 2864; x_wconf 87' lang='lat' dir='ltr'><strong>est</strong></span> <span class='ocrx_word' id='word_1_177' title='bbox 1286 2814 1393 2864; x_wconf 92' lang='lat' dir='ltr'><strong>illis</strong></span> <span class='ocrx_word' id='word_1_178' title='bbox 1426 2814 1609 2864; x_wconf 88' lang='lat' dir='ltr'><strong>facere</strong></span> <span class='ocrx_word' id='word_1_179' title='bbox 1643 2831 1715 2864; x_wconf 83' lang='lat' dir='ltr'><strong>ex</strong></span> <span class='ocrx_word' id='word_1_180' title='bbox 1747 2816 1865 2864; x_wconf 87' lang='lat' dir='ltr'><strong>vita</strong></span> <span class='ocrx_word' id='word_1_181' title='bbox 1897 2832 1995 2864; x_wconf 88' lang='lat' dir='ltr'><strong>sua</strong></span> <span class='ocrx_word' id='word_1_182' title='bbox 2029 2815 2321 2880; x_wconf 89' lang='lat' dir='ltr'><strong>spirituali,</strong></span> 
     </span>
     <span class='ocr_line' id='line_1_24' title="bbox 463 2892 2323 2946; baseline -0.001 -1"><span class='ocrx_word' id='word_1_183' title='bbox 463 2904 520 2946; x_wconf 87' lang='lat' dir='ltr'><strong>et</strong></span> <span class='ocrx_word' id='word_1_184' title='bbox 553 2895 735 2945; x_wconf 89' lang='lat' dir='ltr'><strong>facere</strong></span> <span class='ocrx_word' id='word_1_185' title='bbox 769 2902 968 2944; x_wconf 88' lang='lat' dir='ltr'><strong>contra</strong></span> <span class='ocrx_word' id='word_1_186' title='bbox 1001 2893 1409 2943; x_wconf 86' lang='lat' dir='ltr'><strong>conscientiam</strong></span> <span class='ocrx_word' id='word_1_187' title='bbox 1445 2901 1532 2943; x_wconf 84' lang='lat' dir='ltr'><strong>est</strong></span> <span class='ocrx_word' id='word_1_188' title='bbox 1566 2892 1674 2942; x_wconf 91' lang='lat' dir='ltr'><strong>illis</strong></span> <span class='ocrx_word' id='word_1_189' title='bbox 1707 2893 1889 2944; x_wconf 86' lang='lat' dir='ltr'><strong>facere</strong></span> <span class='ocrx_word' id='word_1_190' title='bbox 1930 2902 2128 2943; x_wconf 90' lang='lat' dir='ltr'><strong>contra</strong></span> <span class='ocrx_word' id='word_1_191' title='bbox 2167 2893 2323 2944; x_wconf 88' lang='lat' dir='ltr'><strong>illam</strong></span> 
     </span>
     <span class='ocr_line' id='line_1_25' title="bbox 462 2970 2322 3037; baseline 0 -14"><span class='ocrx_word' id='word_1_192' title='bbox 462 2990 619 3023; x_wconf 87' lang='lat' dir='ltr'><strong>suam</strong></span> <span class='ocrx_word' id='word_1_193' title='bbox 648 2974 841 3023; x_wconf 88' lang='lat' dir='ltr'><strong>vitam.</strong></span> <span class='ocrx_word' id='word_1_194' title='bbox 920 2972 1059 3022; x_wconf 90' lang='lat' dir='ltr'><strong>Inde</strong></span> <span class='ocrx_word' id='word_1_195' title='bbox 1093 2979 1179 3021; x_wconf 89' lang='lat' dir='ltr'><strong>est</strong></span> <span class='ocrx_word' id='word_1_196' title='bbox 1209 2971 1357 3037; x_wconf 88' lang='lat' dir='ltr'><strong>quod</strong></span> <span class='ocrx_word' id='word_1_197' title='bbox 1390 2972 1445 3020; x_wconf 91' lang='lat' dir='ltr'><strong>in</strong></span> <span class='ocrx_word' id='word_1_198' title='bbox 1479 2970 1893 3037; x_wconf 89' lang='lat' dir='ltr'><strong>tranquillitate</strong></span> <span class='ocrx_word' id='word_1_199' title='bbox 1922 2972 2074 3037; x_wconf 86' lang='lat' dir='ltr'><strong>pacis</strong></span> <span class='ocrx_word' id='word_1_200' title='bbox 2102 2972 2232 3032; x_wconf 91' lang='lat' dir='ltr'><strong>sint,</strong></span> <span class='ocrx_word' id='word_1_201' title='bbox 2263 2980 2322 3023; x_wconf 89' lang='lat' dir='ltr'><strong>et</strong></span> 
     </span>
     <span class='ocr_line' id='line_1_26' title="bbox 461 3050 2319 3111; baseline -0.001 -9"><span class='ocrx_word' id='word_1_202' title='bbox 461 3053 516 3102; x_wconf 90' lang='lat' dir='ltr'><strong>in</strong></span> <span class='ocrx_word' id='word_1_203' title='bbox 539 3052 891 3106; x_wconf 86' lang='lat' dir='ltr'><strong>beatitudine</strong></span> <span class='ocrx_word' id='word_1_204' title='bbox 914 3051 1152 3110; x_wconf 86' lang='lat' dir='ltr'><strong>interna,</strong></span> <span class='ocrx_word' id='word_1_205' title='bbox 1179 3066 1305 3100; x_wconf 85' lang='lat' dir='ltr'><strong>cum</strong></span> <span class='ocrx_word' id='word_1_206' title='bbox 1328 3050 1537 3100; x_wconf 85' lang='lat' dir='ltr'><strong>faciunt</strong></span> <span class='ocrx_word' id='word_1_207' title='bbox 1560 3051 1869 3100; x_wconf 88' lang='lat' dir='ltr'><strong>secundum</strong></span> <span class='ocrx_word' id='word_1_208' title='bbox 1892 3051 2319 3111; x_wconf 89' lang='lat' dir='ltr'><strong>conscientiam,</strong></span> 
     </span>
     <span class='ocr_line' id='line_1_27' title="bbox 461 3127 2318 3196; baseline -0.001 -16"><span class='ocrx_word' id='word_1_209' title='bbox 461 3148 525 3181; x_wconf 89' lang='lat' dir='ltr'><strong>ac</strong></span> <span class='ocrx_word' id='word_1_210' title='bbox 567 3132 621 3180; x_wconf 92' lang='lat' dir='ltr'><strong>in</strong></span> <span class='ocrx_word' id='word_1_211' title='bbox 662 3128 1133 3196; x_wconf 89' lang='lat' dir='ltr'><strong>intranquillitate</strong></span> <span class='ocrx_word' id='word_1_212' title='bbox 1175 3136 1232 3179; x_wconf 92' lang='lat' dir='ltr'><strong>et</strong></span> <span class='ocrx_word' id='word_1_213' title='bbox 1267 3128 1462 3178; x_wconf 88' lang='lat' dir='ltr'><strong>dolore</strong></span> <span class='ocrx_word' id='word_1_214' title='bbox 1496 3144 1621 3178; x_wconf 90' lang='lat' dir='ltr'><strong>cum</strong></span> <span class='ocrx_word' id='word_1_215' title='bbox 1654 3128 1864 3178; x_wconf 90' lang='lat' dir='ltr'><strong>faciunt</strong></span> <span class='ocrx_word' id='word_1_216' title='bbox 1899 3135 2100 3178; x_wconf 92' lang='lat' dir='ltr'><strong>contra</strong></span> <span class='ocrx_word' id='word_1_217' title='bbox 2132 3127 2318 3179; x_wconf 88' lang='lat' dir='ltr'><strong>illam:</strong></span> 
     </span>
     <span class='ocr_line' id='line_1_28' title="bbox 461 3206 1943 3273; baseline -0.002 -15"><span class='ocrx_word' id='word_1_218' title='bbox 461 3208 550 3259; x_wconf 91' lang='lat' dir='ltr'><strong>hic</strong></span> <span class='ocrx_word' id='word_1_219' title='bbox 585 3208 746 3258; x_wconf 89' lang='lat' dir='ltr'><strong>dolor</strong></span> <span class='ocrx_word' id='word_1_220' title='bbox 780 3216 867 3258; x_wconf 90' lang='lat' dir='ltr'><strong>est</strong></span> <span class='ocrx_word' id='word_1_221' title='bbox 902 3208 992 3273; x_wconf 90' lang='lat' dir='ltr'><strong>qui</strong></span> <span class='ocrx_word' id='word_1_222' title='bbox 1025 3214 1262 3256; x_wconf 87' lang='lat' dir='ltr'><strong>vocatur</strong></span> <span class='ocrx_word' id='word_1_223' title='bbox 1295 3223 1511 3256; x_wconf 87' lang='lat' dir='ltr'><strong>morsus</strong></span> <span class='ocrx_word' id='word_1_224' title='bbox 1546 3206 1943 3256; x_wconf 88' lang='lat' dir='ltr'><strong>conscientiae.</strong></span> 
     </span>
    </p>

    <p class='ocr_par' dir='ltr' id='par_1_9' title="bbox 462 3285 2322 3420">
     <span class='ocr_line' id='line_1_29' title="bbox 559 3285 2318 3354; baseline -0.002 -16"><span class='ocrx_word' id='word_1_225' title='bbox 559 3300 718 3354; x_wconf 79' lang='grc'><strong>134.</strong></span> <span class='ocrx_word' id='word_1_226' title='bbox 767 3287 874 3337; x_wconf 87' lang='lat' dir='ltr'><strong>Est</strong></span> <span class='ocrx_word' id='word_1_227' title='bbox 907 3287 1121 3336; x_wconf 88' lang='lat' dir='ltr'><strong>homini</strong></span> <span class='ocrx_word' id='word_1_228' title='bbox 1154 3285 1508 3336; x_wconf 89' lang='lat' dir='ltr'><strong>conscientia</strong></span> <span class='ocrx_word' id='word_1_229' title='bbox 1540 3285 1674 3334; x_wconf 92' lang='lat' dir='ltr'><strong>boni</strong></span> <span class='ocrx_word' id='word_1_230' title='bbox 1706 3292 1763 3334; x_wconf 91' lang='lat' dir='ltr'><strong>et</strong></span> <span class='ocrx_word' id='word_1_231' title='bbox 1792 3285 2145 3335; x_wconf 86' lang='lat' dir='ltr'><strong>conscientia</strong></span> <span class='ocrx_word' id='word_1_232' title='bbox 2166 3285 2318 3350; x_wconf 88' lang='lat' dir='ltr'><strong>justi.</strong></span> 
     </span>
     <span class='ocr_line' id='line_1_30' title="bbox 462 3361 2322 3420; baseline -0.002 -5"><span class='ocrx_word' id='word_1_233' title='bbox 462 3364 826 3415; x_wconf 88' lang='lat' dir='ltr'><strong>Conscientia</strong></span> <span class='ocrx_word' id='word_1_234' title='bbox 847 3364 980 3414; x_wconf 92' lang='lat' dir='ltr'><strong>boni</strong></span> <span class='ocrx_word' id='word_1_235' title='bbox 1009 3371 1096 3413; x_wconf 90' lang='lat' dir='ltr'><strong>est</strong></span> <span class='ocrx_word' id='word_1_236' title='bbox 1120 3362 1469 3412; x_wconf 86' lang='lat' dir='ltr'><strong>conscientia</strong></span> <span class='ocrx_word' id='word_1_237' title='bbox 1497 3362 1702 3411; x_wconf 90' lang='lat' dir='ltr'><strong>interni</strong></span> <span class='ocrx_word' id='word_1_238' title='bbox 1730 3361 1989 3420; x_wconf 91' lang='lat' dir='ltr'><strong>hominis,</strong></span> <span class='ocrx_word' id='word_1_239' title='bbox 2015 3369 2071 3412; x_wconf 90' lang='lat' dir='ltr'><strong>et</strong></span> <span class='ocrx_word' id='word_1_240' title='bbox 2101 3363 2322 3412; x_wconf 89' lang='lat' dir='ltr'><strong>consci-</strong></span> 
     </span>
    </p>
   </div>
   <div class='ocr_carea' id='block_1_6' title="bbox 371 3438 2324 3508">
    <p class='ocr_par' dir='ltr' id='par_1_10' title="bbox 371 3438 2324 3508">
     <span class='ocr_line' id='line_1_31' title="bbox 371 3438 2324 3508; baseline -0.002 -15"><span class='ocrx_word' id='word_1_241' title='bbox 371 3450 375 3457; x_wconf 82' lang='grc'>’</span> <span class='ocrx_word' id='word_1_242' title='bbox 460 3445 614 3493; x_wconf 90' lang='lat' dir='ltr'><strong>entia</strong></span> <span class='ocrx_word' id='word_1_243' title='bbox 653 3442 789 3508; x_wconf 87' lang='lat' dir='ltr'><strong>justi</strong></span> <span class='ocrx_word' id='word_1_244' title='bbox 836 3450 923 3492; x_wconf 91' lang='lat' dir='ltr'><strong>est</strong></span> <span class='ocrx_word' id='word_1_245' title='bbox 965 3442 1315 3492; x_wconf 89' lang='lat' dir='ltr'><strong>conscientia</strong></span> <span class='ocrx_word' id='word_1_246' title='bbox 1353 3440 1577 3490; x_wconf 87' lang='lat' dir='ltr'><strong>externi</strong></span> <span class='ocrx_word' id='word_1_247' title='bbox 1622 3438 1882 3490; x_wconf 82' lang='lat' dir='ltr'><strong>hominiS.</strong></span> <span class='ocrx_word' id='word_1_248' title='bbox 1960 3438 2324 3490; x_wconf 85' lang='lat' dir='ltr'><strong>Conscientia</strong></span> 
     </span>
    </p>
   </div>
   <div class='ocr_carea' id='block_1_7' title="bbox 459 3516 2321 3740">
    <p class='ocr_par' dir='ltr' id='par_1_11' title="bbox 459 3516 2321 3740">
     <span class='ocr_line' id='line_1_32' title="bbox 459 3516 2321 3584; baseline -0.001 -12"><span class='ocrx_word' id='word_1_249' title='bbox 459 3522 592 3572; x_wconf 91' lang='lat' dir='ltr'><strong>boni</strong></span> <span class='ocrx_word' id='word_1_250' title='bbox 639 3529 726 3572; x_wconf 91' lang='lat' dir='ltr'><strong>est</strong></span> <span class='ocrx_word' id='word_1_251' title='bbox 777 3521 958 3571; x_wconf 88' lang='lat' dir='ltr'><strong>facere</strong></span> <span class='ocrx_word' id='word_1_252' title='bbox 1010 3520 1319 3570; x_wconf 86' lang='lat' dir='ltr'><strong>secundum</strong></span> <span class='ocrx_word' id='word_1_253' title='bbox 1371 3526 1678 3584; x_wconf 87' lang='lat' dir='ltr'><strong>praecepta</strong></span> <span class='ocrx_word' id='word_1_254' title='bbox 1729 3516 1857 3568; x_wconf 90' lang='lat' dir='ltr'><strong>fidei</strong></span> <span class='ocrx_word' id='word_1_255' title='bbox 1903 3536 1977 3568; x_wconf 84' lang='lat' dir='ltr'><strong>ex</strong></span> <span class='ocrx_word' id='word_1_256' title='bbox 2028 3516 2321 3570; x_wconf 62' lang='lat' dir='ltr'><strong>affectione</strong></span> 
     </span>
     <span class='ocr_line' id='line_1_33' title="bbox 460 3596 2321 3662; baseline -0.002 -12"><span class='ocrx_word' id='word_1_257' title='bbox 460 3602 700 3660; x_wconf 84' lang='lat' dir='ltr'><strong>interna,</strong></span> <span class='ocrx_word' id='word_1_258' title='bbox 743 3607 800 3649; x_wconf 91' lang='lat' dir='ltr'><strong>at</strong></span> <span class='ocrx_word' id='word_1_259' title='bbox 853 3599 1201 3649; x_wconf 90' lang='lat' dir='ltr'><strong>conscientia</strong></span> <span class='ocrx_word' id='word_1_260' title='bbox 1248 3597 1382 3662; x_wconf 89' lang='lat' dir='ltr'><strong>justi</strong></span> <span class='ocrx_word' id='word_1_261' title='bbox 1435 3603 1522 3646; x_wconf 89' lang='lat' dir='ltr'><strong>est</strong></span> <span class='ocrx_word' id='word_1_262' title='bbox 1570 3596 1755 3646; x_wconf 88' lang='lat' dir='ltr'><strong>facere</strong></span> <span class='ocrx_word' id='word_1_263' title='bbox 1806 3597 2114 3646; x_wconf 88' lang='lat' dir='ltr'><strong>secundum</strong></span> <span class='ocrx_word' id='word_1_264' title='bbox 2166 3596 2321 3662; x_wconf 86' lang='lat' dir='ltr'><strong>leges</strong></span> 
     </span>
     <span class='ocr_line' id='line_1_34' title="bbox 460 3672 2315 3740; baseline -0.002 -12"><span class='ocrx_word' id='word_1_265' title='bbox 460 3678 650 3729; x_wconf 89' lang='lat' dir='ltr'><strong>civiles</strong></span> <span class='ocrx_word' id='word_1_266' title='bbox 679 3686 737 3728; x_wconf 92' lang='lat' dir='ltr'><strong>et</strong></span> <span class='ocrx_word' id='word_1_267' title='bbox 766 3677 1008 3728; x_wconf 87' lang='lat' dir='ltr'><strong>morales</strong></span> <span class='ocrx_word' id='word_1_268' title='bbox 1036 3694 1108 3727; x_wconf 85' lang='lat' dir='ltr'><strong>ex</strong></span> <span class='ocrx_word' id='word_1_269' title='bbox 1133 3673 1426 3726; x_wconf 60' lang='lat' dir='ltr'><strong>affectione</strong></span> <span class='ocrx_word' id='word_1_270' title='bbox 1455 3681 1712 3725; x_wconf 88' lang='lat' dir='ltr'><strong>externa.</strong></span> <span class='ocrx_word' id='word_1_271' title='bbox 1779 3672 1886 3740; x_wconf 76' lang='lat' dir='ltr'><strong>Qui</strong></span> <span class='ocrx_word' id='word_1_272' title='bbox 1910 3675 2315 3726; x_wconf 87' lang='lat' dir='ltr'><strong>conscientiam</strong></span> 
     </span>
    </p>
   </div>
  </div>
 </body>
</html>
