2496 4250
833 414 1034 455 INDEX
1076 415 1297 455 RERUM
1338 414 1545 454 PRIOR.
1566 471 1570 475 ι
2023 404 2126 454 xix

390 557 515 609 Quod
549 556 599 597 sit
633 555 993 608 correspondentia
1027 555 1234 608 potentiae
1268 555 1477 595 seminalis
1512 567 1606 595 cum
1644 555 1877 608 receptione
1912 556 2126 596 veritatum

474 620 745 674 spiritualium
765 632 790 658 a
812 618 995 658 Domino
1014 631 1087 671 per
1107 619 1305 667 Verbum,
1326 626 1366 659 et
1387 632 1480 658 cum
1501 618 1720 659 affectione
1741 619 1997 672 propagandi
2021 620 2127 667 illas,

467 684 524 724 ita
540 696 632 723 curn
653 681 851 794 spiritu)ali
866 680 1082 722 affectione
1098 683 1182 722 veri
1203 689 1243 723 et
1258 683 1378 722 simul
1398 697 1472 722 usu
1494 688 1550 734 (n.
1566 693 1609 734 13
1614 683 1797 734 57—1360
1818 688 1890 731 [De
1903 690 1989 721 Am.
2009 689 2127 729 conj„

473 756 507 778 n.
528 756 600 786 127,
618 756 692 784 220,
710 743 785 786 433]
813 768 823 778 .

390 844 515 897 Quod
536 842 894 896 correspondentia
922 841 1229 894 prolificationis
1253 841 1472 894 spiritualis
1495 842 1546 882 sit
1570 854 1664 881 cum
1690 855 1828 882 amore
1851 842 2125 894 producendi,

471 915 511 948 et
540 908 583 947 in
615 913 719 947 statu
745 907 963 946 creationis
986 906 1256 946 conservandi
1281 919 1376 945 vera
1400 913 1439 946 et
1462 905 1573 945 bona
1596 906 1793 946 ecclesiae
1821 906 1880 961 (n.
1903 906 2008 958 1361,
2026 907 2126 959 1362

468 969 542 1013 [De
555 971 640 1002 Am.
659 969 775 1009 conj„
796 979 831 1000 n.
853 977 924 1008 115,
944 965 1054 1015 127]).

320 1092 327 1103 .
386 1058 512 1114 Quod.
533 1057 893 1111 correspondentia
914 1063 1068 1108 storges
1093 1057 1143 1096 sit
1167 1069 1260 1095 cum
1285 1070 1424 1096 amore
1448 1056 1708 1097 innocentiae
1733 1063 1772 1098 et
1801 1058 1889 1110 ejus
1912 1057 2123 1098 tutationis

469 1137 494 1163 a
516 1123 637 1162 malis
657 1129 695 1162 et
715 1121 826 1161 falsis
849 1120 909 1177 (n.
924 1120 1024 1172 1363
1047 1126 1119 1168 [De
1133 1127 1219 1159 Am.
1239 1126 1355 1166 conj„
1376 1137 1410 1159 n.
1432 1138 1504 1167 127,
1524 1119 1719 1174 395fin.]).

388 1219 513 1274 Quod
542 1218 903 1272 correspondentia
924 1218 1072 1257 horum
1097 1215 1391 1270 conjugialium
1422 1217 1472 1257 sit
1494 1217 1537 1257 in
1562 1217 1762 1270 conjugiis
1791 1218 1911 1257 unius
1931 1218 2006 1257 viri
2032 1231 2125 1258 cum

467 1297 551 1323 una
570 1296 712 1332 uxore,
732 1282 790 1322 ita
809 1281 919 1335 apud
939 1281 1032 1321 illos
1049 1280 1119 1334 qui
1139 1281 1183 1320 in
1205 1281 1397 1334 conjugio
1417 1281 1515 1320 boni
1537 1287 1576 1321 et
1592 1281 1677 1321 veri
1698 1295 1723 1321 a
1745 1282 1927 1321 Domino
1948 1289 2041 1322 sunt
2063 1282 2124 1338 (n.

473 1347 607 1402 1364).

387 1444 511 1497 Quod
533 1441 892 1496 correspondentia
911 1441 1074 1481 illorum
1095 1440 1391 1494 conjugialium
1414 1452 1507 1480 cum
1531 1440 1763 1493 polygamis
1784 1453 1835 1480 ex
1854 1441 2054 1493 religione
2075 1441 2125 1480 sit

470 1506 829 1560 correspondentia
855 1512 1028 1554 remota,
1051 1510 1092 1545 at
1121 1505 1233 1558 apud
1262 1505 1506 1558 polygamos
1535 1505 1579 1543 in
1609 1505 1920 1545 Christianismo
1950 1505 2002 1545 sit
2031 1518 2123 1545 cum

465 1571 577 1612 falsis
598 1578 638 1611 et
656 1570 776 1610 malis
794 1569 946 1609 inferni
969 1569 1029 1625 (n.
1048 1568 1159 1622 1365,
1180 1567 1316 1625 1366).

387 1659 512 1722 Quod
542 1666 906 1720 correspondentia
940 1665 1234 1718 conjugialium
1267 1665 1379 1718 apud
1414 1665 1507 1704 illos
1540 1664 1611 1718 qui
1646 1664 1989 1704 confirmaverunt
2022 1664 2125 1704 falsa

468 1732 579 1781 fidei,
600 1732 650 1772 sit
670 1744 763 1770 cum
783 1731 903 1770 malis
923 1737 962 1770 et
982 1730 1094 1770 falsis
1114 1729 1262 1769 inferni
1285 1730 1344 1785 (n.
1362 1729 1477 1781 1367,
1494 1729 1630 1784 1368).

386 1829 583 1871 Similiter
601 1828 712 1882 apud
731 1828 823 1868 illos
839 1828 911 1881 qui
931 1827 974 1866 in
995 1827 1112 1866 malis
1133 1827 1242 1866 vitae
1262 1833 1355 1867 sunt
1377 1825 1439 1882 (n.
1459 1824 1723 1882 1389-1393).

387 1928 511 1982 Quod
535 1940 620 1967 non
643 1926 694 1966 sit
717 1924 1080 1977 correspondentia
1104 1936 1198 1962 cum
1220 1923 1340 1962 bonis
1365 1929 1404 1963 et
1423 1922 1529 1962 veris
1553 1923 1663 1975 apud
1686 1922 1778 1962 illos
1802 1925 1872 1976 qui
1895 1922 1939 1962 in
1963 1921 2124 1962 diversa

472 1992 673 2042 religione
693 1996 785 2028 sunt
812 1989 871 2043 (n.
890 2000 1003 2039 1394,
1022 1987 1155 2039 1395).

400 2090 525 2144 Quod
545 2090 905 2144 correspondentia
925 2091 1023 2130 boni
1045 2098 1084 2131 et
1102 2091 1188 2130 veri
1208 2103 1292 2130 non
1316 2090 1402 2130 dari
1423 2090 1548 2143 possit
1571 2090 1680 2143 apud
1706 2090 1797 2130 illos
1821 2090 1890 2143 qui
1920 2090 1963 2129 in
1993 2103 2130 2131 amore

479 2155 543 2195 sui
562 2162 602 2196 et
621 2156 664 2195 in
688 2155 795 2196 fastu
814 2155 1000 2208 propriae
1021 2155 1316 2208 intelligentiae
1337 2162 1430 2195 sunt
1453 2156 1513 2209 (n.
1530 2153 1796 2210 1396—1398).

398 2259 524 2313 Quod
551 2261 816 2300 scortationes
844 2260 889 2299 in
916 2273 1067 2312 genere
1097 2259 1441 2312 correspondeant
1470 2258 1819 2298 falsificationibus
1848 2259 1934 2298 veri
1964 2265 2003 2298 et
2039 2272 2128 2312 pro-

478 2323 752 2365 fanationibus
793 2325 892 2364 boni
937 2324 1133 2365 ecelesiae
1176 2337 1228 2363 ex
1257 2324 1396 2363 Verbo
1438 2323 1497 2377 (n.
1523 2334 1753 2375 1399-1403
1779 2329 1851 2372 [De
1864 2330 2126 2370 Am.C0nj.‚n.

481 2386 681 2443 515—520])-

398 2484 523 2536 Quod
545 2483 724 2524 nefanda
744 2484 943 2525 adulteria
966 2484 1071 2525 inter
1092 2484 1243 2537 gradus
1268 2484 1495 2537 prohibitos
1517 2483 1860 2537 cor-respondeant
1885 2482 2130 2536 quibusdam

477 2548 711 2589 haeresibus
731 2561 804 2602 per
823 2549 1007 2588 Verbum
1028 2548 1275 2589 confirmatis
1297 2547 1356 2604 (n.
1379 2548 1644 2602 1405-1457).

385 2644 511 2696 Quod
541 2646 900 2698 correspondentia
930 2646 1111 2699 conjugii
1140 2647 1375 2700 spiritualis,
1401 2648 1512 2701 quod
1543 2655 1602 2689 est
1625 2649 1711 2689 veri
1742 2655 1782 2690 et
1810 2649 1923 2699 boni,
1947 2651 1997 2691 sit
2027 2663 2121 2691 cum

466 2708 661 2761 conjugio
685 2708 852 2820 actuali)
866 2710 1098 2759 hominum,
1122 2711 1203 2751 hoc
1229 2718 1301 2760 est,
1326 2713 1459 2752 mariti
1485 2719 1524 2752 et
1547 2713 1685 2752 uxoris
1717 2713 1776 2770 (n.
1797 2723 2029 2766 1952—1954
2049 2721 2122 2763 [De

465 2770 551 2802 Am.
570 2770 686 2810 Conj.,
702 2781 736 2803 n.
756 2771 830 2814 520]
858 2796 867 2805 .

384 2860 509 2912 Quod
530 2860 624 2900 ideo
639 2859 808 2900 violatio
829 2861 1009 2914 conjugii
1032 2861 1251 2915 spiritualis
1272 2863 1590 2916 correspondeat
1605 2864 1815 2905 violationi
1837 2865 2120 2918 conjugiorum

462 2923 678 2964 hominum
701 2925 761 2980 (n.
781 2925 1009 2985 1955—1958
1030 2932 1103 2974 [De
1117 2934 1202 2965 Am.
1223 2933 1338 2972 conj„
1360 2944 1395 2966 n.
1415 2930 1610 2981 515—520]).

385 3022 509 3074 Quod
532 3022 632 3062 inde
652 3029 843 3075 sequatur
866 3024 978 3076 quod
998 3023 1153 3063 violare
1177 3037 1275 3063 vera
1294 3024 1421 3064 Verbi
1446 3031 1486 3065 et
1509 3026 1722 3074 ecclesiae,
1746 3027 2003 3067 falsificando
2032 3028 2116 3077 illa,

463 3086 514 3125 sit
534 3086 792 3138 spiritualiter
810 3087 997 3136 scortari3
1030 3093 1069 3127 et
1089 3087 1199 3140 quod
1219 3088 1372 3127 violare
1391 3088 1503 3128 bona
1519 3090 1645 3129 Verbi
1667 3098 1706 3130 et
1727 3091 1939 3139 ecclesiae,
1955 3105 2117 3144 perver-

462 3150 590 3189 tendo
610 3149 694 3198 illa,
711 3150 761 3190 sit
781 3151 1042 3203 spiritualiter
1062 3151 1281 3191 adulterari
1301 3151 1360 3207 (n.
1379 3164 1422 3204 19
1427 3154 1608 3204 59-1962
1631 3160 1702 3202 [De
1716 3163 1802 3193 Am.
1821 3162 1912 3202 Conj
1927 3187 1936 3201 ,
1953 3173 1986 3195 n.
2006 3158 2116 3211 518]).

383 3245 508 3298 Quod
522 3245 620 3286 ideo
632 3245 702 3298 qui
718 3246 759 3285 in
773 3246 971 3299 spirituali
987 3247 1229 3288 scortatione
1246 3254 1285 3287 et
1299 3248 1501 3288 adulterio
1517 3255 1623 3299 sunt,
1639 3251 1758 3290 etiam
1776 3251 1817 3290 in
1833 3251 1986 3292 actuali
2001 3259 2116 3293 natu-

466 3308 542 3348 rali
564 3310 807 3349 scortatione
832 3317 872 3350 et
895 3311 1094 3351 adulterio
1118 3312 1217 3360 sint;
1259 3318 1298 3352 et
1321 3313 1432 3365 quod
1457 3313 1578 3353 etiarn
1602 3314 1781 3354 vicissim
1808 3315 2116 3370 (n.1)63-1969

467 3369 540 3412 [De
553 3372 640 3403 Am.
659 3372 774 3412 Conj.,
789 3382 824 3404 n.
845 3365 955 3420 520]).

386 3459 510 3512 Quod
529 3459 703 3501 ‘violetur
726 3461 961 3515 conjugium
986 3463 1192 3515 spirituale
1218 3463 1317 3502 dum
1340 3477 1482 3504 verum
1507 3465 1703 3505 ecclesiae
1727 3473 1935 3519 separatur
1958 3481 1982 3507 a
2003 3468 2114 3508 bono

466 3523 566 3575 ejus,
596 3530 636 3564 et
665 3525 765 3635 dur?
794 3526 949 3565 bonum
978 3527 1065 3579 ejus
1095 3534 1303 3580 separatur
1325 3541 1349 3567 a
1372 3541 1470 3567 vero
1500 3529 1585 3581 ejus
1609 3531 1666 3581 (n.
1686 3531 1916 3582 1970-1976
1938 3537 2010 3580 [De
2024 3539 2098 3570 Am

474 3585 588 3626 Conj.,
608 3596 643 3618 n.
662 3587 735 3628 519]
763 3611 771 3620 .

387 3672 511 3725 Quod
540 3674 714 3715 violetur
752 3676 987 3729 conjugium
1022 3677 1227 3730 spirituale
1257 3677 1356 3716 dum
1380 3677 1424 3716 in
1453 3678 1591 3718 Verbo
1630 3681 1891 3733 apparentiae
1919 3681 2005 3722 veri
2038 3694 2113 3735 pro

467 3737 655 3789 genuinis
674 3738 780 3779 veris
802 3747 1058 3780 assumuntur
1078 3747 1118 3781 et
1138 3730 1427 3781 confirmantur
1448 3740 1507 3798 (n.
1526 3742 1791 3799 1977-1979).
