2496 4250
962 427 1047 468 DE
1085 427 1560 470 REDEMPTIONE.
2128 432 2195 487 37

433 579 482 635 7.
529 565 698 634 Quod
721 567 795 628 hi,
820 568 949 636 quia
971 568 1116 621 tales
1138 577 1287 631 sunt,
1307 577 1582 637 perpetuo
1605 577 1882 622 conentur
1902 571 2195 624 destruere

680 646 900 698 caelum
922 647 1073 714 quod
1100 665 1266 714 supra
1292 647 1420 699 illos
1447 655 1535 700 est
1558 667 1570 712 ;
1610 649 1759 716 quod
1789 650 1960 701 etiam
1982 650 2194 703 faciunt

677 742 777 792 per
797 726 1038 776 astutias
1061 743 1135 777 ex
1164 727 1399 790 inferno,
1424 744 1551 779 cum
1579 745 1691 796 quo
1712 729 1897 796 quoad
1925 729 2195 780 interiora

678 821 779 856 sua
810 821 982 856 unum
1014 805 1242 857 faciunt.

432 883 481 935 8.
533 882 674 934 Inde
714 891 802 935 est
830 883 981 950 quod
1019 884 1075 934 in
1114 883 1225 936 fine
1264 884 1540 937 ecclesiae
1579 887 1752 938 etiam
1792 886 2011 954 angelis
2050 887 2195 939 caeli

677 961 974 1012 immineat
1001 962 1266 1014 interitus
1293 971 1352 1015 et
1379 964 1510 1016 inde
1538 965 1848 1016 damnatio,

430 1053 479 1107 9.
534 1039 703 1107 Quod
736 1041 839 1092 nisi
873 1047 1007 1092 tunc
1042 1041 1311 1108 judicium
1345 1042 1460 1104 fiat,
1494 1044 1680 1095 nullus
1719 1045 1893 1096 homo
1932 1046 1988 1096 in
2029 1046 2193 1096 terris

677 1121 929 1186 potuerit
962 1120 1184 1182 salvari,
1215 1138 1317 1173 nec
1347 1121 1548 1190 aliquis
1580 1123 1819 1190 angelus
1845 1125 1901 1175 in
1933 1124 2104 1175 caelis
2137 1125 2193 1174 in

678 1197 863 1250 salute
895 1215 995 1250 sua
1027 1199 1351 1252 subsistere.

933 1629 1198 1704 CAPUT
1256 1631 1605 1686 SEXTUM.

96 1867 118 1896 y.
195 1882 204 1890 ‚
329 1825 517 1893 QUOD
553 1827 861 1894 JEHOVAH
901 1827 1090 1889 DEUS‚
1130 1839 1249 1879 PER
1287 1827 1660 1882 ADVENTUM
1706 1841 1874 1882 SUUM
1919 1843 1987 1882 IN
2027 1845 2195 1884 MUN-

174 1906 191 1914 “
539 1918 696 1969 DUM,
744 1917 1050 1958 TOTALEM
1102 1919 1304 1960 ILLAM
1355 1920 1841 1961 DAMNATIONEM
1892 1922 2194 1964 SUSTULE-

538 1996 679 2050 R1T3
719 1997 801 2036 ET
832 1997 950 2036 PER
990 1997 1076 2047 ID,
1102 1997 1390 2039 HOMINES
1422 1999 1492 2039 IN
1523 1999 1752 2040 TERRIS
1790 2001 1869 2040 ET
1902 2001 2195 2045 ANGELos

537 2075 607 2115 IN
645 2075 868 2116 CAEL1s
907 2076 1300 2117 REDEMERIT.

438 2233 481 2270 1.
534 2217 703 2286 Quod
750 2219 880 2286 Ipse
921 2218 1182 2286 Jehovah
1229 2219 1384 2271 Deus
1430 2220 1486 2271 in
1532 2221 1803 2272 mundum
1842 2223 2078 2284 venerit,
2120 2223 2193 2274 ad

679 2297 1031 2350 liberandum
1059 2297 1318 2350 homines
1350 2306 1408 2350 et
1441 2299 1680 2366 angelos
1707 2301 1780 2352 ab
1810 2301 2022 2352 insultu
2054 2309 2112 2353 et
2138 2303 2195 2353 vi

679 2377 894 2438 inferni,
925 2384 984 2428 et
1018 2377 1094 2427 sic
1126 2394 1160 2428 a
1191 2377 1577 2435 damnatione.

434 2469 482 2507 2.
537 2452 707 2520 Quod
739 2455 796 2506 id
827 2455 1022 2506 fecerit
1055 2472 1154 2522 per
1186 2472 1408 2522 pugnas
1442 2465 1644 2508 contra
1682 2457 1975 2518 infernum,
2006 2466 2064 2509 et
2097 2475 2196 2524 per

680 2532 942 2585 vi&orias
964 2550 1131 2600 super
1151 2533 1290 2584 illud
1312 2552 1323 2598 ;
1365 2542 1424 2586 et
1445 2535 1596 2602 quod
1623 2535 1763 2586 illud
1791 2536 2191 2602 subjugaverit,

680 2613 736 2663 in
775 2613 1029 2664 ordinem
1060 2613 1363 2680 redegerit,
1398 2622 1457 2665 et
1497 2631 1631 2665 suae
1669 2614 2029 2666 obedientiae
2062 2616 2193 2666 sub-

680 2692 912 2743 miserit.

436 2784 483 2837 3.
536 2764 703 2838 Quod
754 2771 926 2822 etiam
975 2777 1110 2837 post
1155 2770 1264 2822 hoc
1301 2769 1570 2837 judicium
1612 2772 1905 2833 creaverit,
1935 2771 2044 2823 hoc
2084 2779 2191 2834 est,

681 2849 1026 2911 formaverit,
1068 2866 1279 2901 novum
1320 2849 1559 2911 caelum,
1601 2858 1660 2902 et
1699 2868 1798 2918 per
1835 2850 1944 2902 hoc
1985 2867 2194 2902 novam

681 2927 999 2979 ecclesiam.

431 3021 482 3072 4.
541 3005 709 3074 Quod
741 3024 840 3074 per
866 3007 963 3058 illa
985 3006 1243 3073 Jehovah
1266 3007 1419 3058 Deus
1448 3006 1520 3058 Se
1548 3008 1762 3059 miserit
1789 3008 1844 3058 in
1873 3009 2192 3075 potentiam

679 3085 937 3136 salvandi
964 3102 1162 3137 omnes
1190 3087 1282 3153 qui
1313 3086 1552 3137 credunt
1585 3087 1640 3136 in
1670 3086 1860 3153 Ipsum
1891 3094 1949 3138 et
1981 3087 2194 3138 faciunt

680 3173 988 3232 praecepta
1021 3165 1218 3231 Ipsius,

439 3254 484 3309 5.
537 3240 706 3308 Quod
755 3244 833 3294 sie
883 3243 1188 3295 redemerit
1235 3259 1432 3295 omnes
1482 3243 1538 3293 in
1580 3244 1839 3294 universo
1879 3243 2093 3294 mundo
2132 3251 2191 3294 et

681 3339 880 3374 omnes
911 3323 967 3373 in
999 3323 1261 3374 universo
1289 3322 1465 3373 cae10.

434 3399 484 3451 6.
537 3399 708 3468 Quod
754 3401 862 3452 hoc
913 3402 986 3452 sit
1033 3400 1410 3467 Evangelium
1457 3401 1606 3467 quod
1647 3400 1811 3467 jussit
1859 3409 1919 3452 ut
1964 3401 2020 3451 in
2064 3408 2192 3452 toto

681 3486 956 3530 terrarum
987 3480 1123 3531 orbe
1155 3479 1590 3546 praedicaretur.

434 3568 484 3623 7.
548 3555 717 3624 Quod
738 3557 846 3608 hoe
870 3557 1247 3624 Evangelium
1269 3559 1342 3608 sit
1365 3557 1788 3624 paenitentibus
1808 3574 1822 3620 ς
1863 3574 1975 3607 non
1998 3564 2190 3608 autem

681 3635 790 3686 illis
821 3637 913 3704 qui
939 3654 1014 3688 ex
1042 3637 1334 3704 proposito
1363 3636 1854 3702 transgrediuntur
1880 3643 2189 3702 praecepta

683 3714 880 3782 IpsiuS.
