2496 4250
598 398 677 438 ET
717 395 855 450 EJUS
894 394 1224 436 DOCTRINA
1262 393 1718 435 CAELESTI.—N.
1754 396 1866 433 121.
2098 394 2166 448 77

391 538 539 598 Quod
573 538 621 582 in
654 537 791 582 caelo
823 534 1109 593 spectentur
1133 548 1306 580 omnes
1339 548 1400 579 ex
1432 534 1686 584 charitate,
1710 541 1760 577 et
1793 532 1956 576 nullus
1983 546 2043 576 ex
2069 532 2167 575 fide

301 607 526 655 separata
550 599 615 653 (n.
639 596 760 652 1258,
786 595 930 651 1394).

393 655 539 715 Quod
563 655 710 700 etiam
744 668 917 698 omnes
951 653 998 696 in
1029 653 1178 697 caelis
1201 651 1551 697 consocientur
1573 651 1846 695 secundum
1870 663 2063 694 amores
2099 651 2167 705 (n.

302 714 538 831 70859)u0d
562 785 709 816 nemo
733 771 780 814 in
809 771 997 814 caelum
1021 770 1315 814 admittatur
1337 784 1424 828 per
1444 769 1676 827 cogitare,
1701 768 1786 812 sed
1815 781 1902 824 per
1922 767 2049 811 velle
2082 767 2168 810 bo-

303 845 422 876 num
449 834 514 888 (n.
534 843 660 885 2401,
686 831 835 886 3459).

393 890 498 934 Nisi
521 889 680 933 facere
698 890 882 932 bonum
905 888 970 932 sit
992 886 1315 944 conjunctum
1340 901 1451 931 cum
1467 886 1592 931 velle
1615 887 1802 930 bonum
1825 894 1875 929 et
1896 898 2008 929 cum
2033 884 2168 942 cogi-

301 957 406 993 tare
427 947 775 1004 bonum‚quod
799 947 933 990 nulla
955 947 1177 997 salvatio,
1192 959 1282 990 nec
1304 944 1591 1003 conjunctio
1615 945 1831 988 hominis
1855 943 2035 987 interni
2054 957 2167 987 cum

301 1015 506 1052 externo
531 1009 596 1062 (n.
617 1006 765 1062 3987).

389 1064 537 1124 Quod
564 1065 820 1114 Dominus,
839 1072 889 1108 et
911 1064 1046 1121 quod
1069 1063 1192 1108 fides
1217 1063 1265 1106 in
1292 1063 1474 1120 Ipsum,
1494 1076 1592 1106 non
1617 1062 1678 1106 ab
1702 1062 1809 1105 aliis
1832 1061 2097 1117 recipiatur
2119 1061 2168 1104 in

300 1125 454 1169 altera
473 1124 589 1175 vita,
608 1137 756 1180 quam
778 1124 840 1166 ab
864 1123 959 1167 illis
981 1123 1063 1180 qui
1089 1123 1138 1166 in
1161 1123 1401 1166 charitate
1424 1130 1540 1166 sunt
1566 1123 1631 1177 (n.
1648 1120 1804 1177 2340[?
1821 1121 1992 1176 23431).

389 1234 536 1294 Quod
559 1236 746 1279 bonum
771 1235 819 1278 in
844 1243 1085 1291 perpetuo
1108 1233 1356 1278 desiderio
1379 1241 1429 1277 et
1452 1233 1567 1276 inde
1594 1240 1776 1276 conatu
1801 1231 1865 1275 sit
1882 1245 1934 1275 se
1961 1232 2170 1288 conjun-

298 1295 448 1354 gendi
472 1308 584 1338 cum
608 1294 750 1344 veris,
776 1294 844 1337 ita
867 1293 1082 1337 charitas
1104 1307 1216 1337 cum
1241 1292 1338 1336 fide
1365 1294 1428 1347 (n.
1453 1292 1581 1348 9206,
1598 1302 1726 1346 9207,
1743 1292 1892 1346 9495).

389 1353 536 1412 Quod
556 1354 741 1396 bonum
765 1352 1020 1396 charitatis
1038 1359 1276 1409 agnoscat
1293 1365 1436 1394 suum
1452 1365 1622 1394 verum
1643 1349 1771 1399 fidei,
1790 1363 1847 1392 ac
1864 1363 2035 1392 verum
2054 1348 2168 1392 fidei

299 1427 443 1458 suum
485 1413 670 1456 bonum
709 1411 962 1455 charitatis
1003 1412 1068 1467 (n.
1102 1422 1230 1466 2429,
1259 1422 1386 1466 3101,
1415 1422 1542 1465 3102,
1571 1409 1698 1465 3161,
1727 1419 1853 1464 3179,
1878 1408 2006 1464 3180,
2038 1407 2168 1463 4358,

304 1470 458 1528 54ο7[-Ρ
484 1471 629 1538 5867],
657 1471 781 1526 5835,
798 1470 955 1538 9637),.
1086 1528 1094 1536 ,
1225 1527 1233 1536 ,
1437 1527 1446 1536 ,
1595 1526 1604 1535 ‚
1690 1526 1699 1534 ,

390 1529 538 1590 Quod
563 1530 676 1572 inde
695 1528 980 1586 conjunctio
994 1542 1097 1571 ver1
1121 1527 1236 1571 fidei
1260 1535 1309 1571 et
1333 1528 1448 1570 bom
1473 1527 1727 1570 charltatls
1749 1526 1822 1577 (de
1841 1540 1950 1581 qua,
1979 1539 2023 1569 n.
2042 1525 2168 1581 3834,

298 1589 428 1690 ‘3⁰9⁶'
455 1599 584 1690 409}
617 1600 764 1702 430515,)
778 1598 906 1644 4345,
939 1597 1069 1646 4353,
1101 1587 1230 1642 4364,
1263 1586 1392 1642 4368,
1424 1586 1549 1642 5365,
1583 1583 1858 1641 7623-7627,
1893 1585 2168 1640 7752—7762,

251 1664 264 1678 ·
389 1661 429 1697 0,
485 1659 508 1689 2
573 1681 582 1697 ,
608 1660 659 1689 10
773 1681 781 1689 .

335 1658 537 1799 ⁵3Qip1903
561 1658 849 1762 eonj⁵un6110
873 1705 1068 1748 illorum
1093 1704 1157 1748 sit
1181 1704 1335 1748 instar
1356 1703 1575 1761 conjugii
1602 1704 1668 1759 (n.
1697 1701 1849 1758 1094[?
1878 1703 2021 1758 1904]‚
2042 1713 2169 1757 2173,

301 1778 327 1808 2
358 1778 389 1808 0
438 1800 448 1809 .
478 1778 502 1808 2
534 1765 591 1807 08
639 1799 648 1808 .

334 1775 356 1822 5
390 1766 538 1883 3Q[u0<⁵1
571 1765 649 1867 l‹]e)x
681 1823 900 1880 conjugii
935 1823 998 1866 sit
1025 1822 1159 1879 quod
1193 1822 1294 1865 duo
1326 1836 1479 1865 unum
1513 1821 1626 1871 sint,
1649 1820 1922 1864 secundum
1949 1819 2168 1863 Verbum

302 1881 506 1927 Domini
528 1883 592 1938 (n.
617 1895 768 1938 10130,
794 1881 945 1930 10168,
970 1881 1144 1937 10169).

393 1941 469 1985 Ita
491 1941 613 1985 fides
636 1950 687 1984 et
708 1941 921 1984 charitas
943 1947 1006 1996 (n.
1032 1952 1155 1995 1094,
1176 1950 1303 1995 2173,
1328 1939 1478 1995 2503).

390 1999 537 2059 Quod
563 2000 675 2043 ideo
698 1999 820 2042 fides
843 2013 967 2055 quae
990 1998 1111 2042 fides
1134 1998 1299 2055 quoad
1326 1998 1592 2042 essentiam
1615 2010 1754 2041 suam
1778 1996 1842 2040 sit
1864 1995 2077 2039 charitas
2103 1997 2170 2052 (n.

303 2059 432 2110 2228,
457 2059 584 2114 2839,
605 2059 730 2114 3180,
751 2058 900 2113 9783).

391 2117 539 2176 Quod
563 2117 690 2161 sicut
712 2118 894 2160 bonum
921 2124 996 2160 est
1018 2129 1126 2159 esse
1150 2116 1232 2166 rei,
1256 2129 1313 2159 ac
1334 2128 1505 2158 verum
1534 2115 1743 2158 existere
1767 2114 1897 2164 inde,
1923 2113 1991 2157 ita
2009 2112 2171 2156 [dcha-

301 2177 420 2220 ritas
452 2177 517 2220 sit
549 2189 655 2220 esse
688 2175 935 2225 ecclesiae,
969 2189 1026 2219 ac
1062 2175 1185 2219 fides
1217 2175 1427 2219 existere
1461 2174 1575 2218 inde
1615 2176 1682 2230 (n.
1715 2185 1843 2229 3049,
1878 2172 2006 2228 3180,
2037 2182 2168 2228 4574,

305 2235 805 2292 500219144[?9145])-
862 2292 871 2301 ,
933 2292 942 2301 ‚
1444 2291 1453 2300 ‚
1538 2292 1546 2300 ,
1615 2291 1623 2300 ‚
1897 2290 1905 2299 ,

391 2292 539 2354 Quod
561 2307 731 2337 verum
759 2293 873 2336 fidei
896 2301 1032 2336 v1vat
1063 2306 1123 2336 ex
1154 2293 1289 2336 bono
1321 2292 1587 2341 charltat1s,
1613 2299 1681 2334 lta
1702 2290 1836 2347 quod
1859 2298 1963 2333 vlta
1995 2303 2168 2333 secun-

302 2353 421 2396 dum
439 2366 555 2396 vera
575 2352 690 2395 fidei
708 2352 772 2395 sit
789 2351 1002 2395 charitas
1025 2353 1089 2406 (n.
1114 2351 1236 2406 1589,
1261 2362 1382 2406 1947,
1403 2363 1427 2392 2
1435 2350 1559 2406 579[?
1580 2362 1603 2392 2
1611 2350 1726 2405 571]‚
1743 2360 1877 2403 4070,
1892 2349 2022 2404 4096,
2039 2359 2172 2404 4097,

299 2411 430 2467 4736,
447 2421 576 2467 4757,
599 2411 727 2464 4884,
756 2421 879 2465 5147,
902 2410 1026 2477 5928,
1051 2410 1326 2476 91549667,
1351 2409 1484 2476 9841,
1509 2410 1695 2476 10729)-‚
1858 2467 1866 2475 ,
2051 2466 2059 2474 ,

392 2469 540 2528 Quod
573 2469 695 2513 fides
718 2483 818 2512 non
842 2470 946 2512 dari
970 2478 1118 2525 queat
1150 2483 1243 2512 nisi
1277 2482 1325 2510 1n
1353 2469 1620 2518 charitate;
1658 2481 1697 2511 51
1731 2480 1831 2510 11011
1856 2480 1904 2510 1n
1928 2466 2169 2510 charitate

301 2529 437 2586 quod
462 2529 510 2572 in
533 2528 630 2572 fide
653 2541 752 2571 non
776 2528 839 2571 sit
862 2529 1046 2571 bonum
1074 2530 1138 2583 (n.
1157 2528 1282 2577 2261,
1300 2527 1451 2582 4368).

386 2586 533 2646 Quod
567 2587 689 2630 fides
723 2601 822 2630 non
849 2587 984 2629 vivat
1017 2587 1146 2642 apud
1182 2586 1447 2635 hominem,
1471 2599 1582 2628 cum
1609 2585 1759 2628 modo
1785 2584 1878 2627 scit
1905 2592 1955 2627 et
1981 2583 2171 2640 cogitat

303 2646 387 2690 illa
407 2659 533 2703 quae
556 2646 670 2689 fidei
693 2654 821 2695 sunt,
845 2646 932 2689 sed
955 2659 1075 2688 cum·
1091 2645 1198 2688 vult
1222 2645 1303 2687 illa
1325 2652 1376 2687 et
1397 2657 1458 2688 ex
1479 2644 1606 2687 velle
1629 2643 1746 2687 facit
1770 2643 1852 2686 illa
1877 2644 1941 2698 (n,
1961 2643 2111 2698 9224).

393 2758 540 2817 Quod
569 2758 703 2801 nulla
729 2758 935 2802 salvatio
958 2757 1022 2801 sit
1054 2771 1141 2814 per
1162 2757 1324 2806 fidem,
1348 2757 1434 2800 sed
1469 2770 1555 2813 per
1575 2756 1729 2800 vitam
1763 2755 2035 2799 secundum
2058 2768 2174 2798 vera

303 2818 432 2867 fidei,
455 2831 582 2874 quae
603 2817 707 2860 vita
727 2821 803 2860 est
825 2817 1038 2860 charitas
1065 2818 1129 2871 (n.
1150 2826 1247 2871 379,
1273 2816 1369 2871 389,
1394 2816 1520 2864 2228,
1543 2815 1671 2870 4663,
1694 2816 1845 2869 4721).

392 2875 541 2934 Quod
579 2876 829 2919 salventur
865 2875 949 2932 qui
992 2889 1051 2918 ex
1094 2874 1319 2918 doctrina
1355 2874 1589 2918 ecclesiae
1626 2874 1849 2930 cogitant
1891 2873 2024 2929 quod
2069 2872 2174 2915 sola

303 2935 426 2980 fides
460 2936 629 2985 salvet,
662 2934 702 2978 si
740 2935 927 2991 justum
967 2933 1154 2977 faciunt
1192 2941 1394 2989 propter
1424 2933 1628 2989 justum,
1661 2941 1712 2975 et
1748 2933 1933 2974 bonum
1973 2939 2174 2987 propter

303 2996 505 3044 bonum,
520 3007 634 3037 nam
657 2994 727 3038 sic
743 3007 899 3050 usque
923 2993 971 3036 in
989 2993 1227 3035 charitate
1246 3000 1362 3035 sunt
1388 2993 1453 3046 (n.
1470 3003 1596 3045 2442,
1614 3002 1740 3046 3242,
1758 3001 1884 3045 3459,
1902 2991 2028 3045 3463,
2045 2989 2172 3045 7506,

306 3054 458 3110 7507)-

395 3111 446 3155 Si
478 3111 638 3155 solum
677 3109 1106 3167 fides'cogitativa
1141 3109 1364 3158 salvaret,
1388 3108 1522 3165 quod
1565 3121 1737 3152 omnes
1775 3107 2082 3150 salvarentur
2107 3107 2173 3162 (n.

307 3170 463 3226 2364[?
488 3170 635 3225 2361],
664 3170 837 3225 10659).

395 3228 542 3286 Quod
565 3229 778 3272 charitas
801 3227 948 3271 faciat
969 3227 1158 3270 caelum
1181 3226 1312 3283 apud
1342 3226 1609 3275 hominem,
1633 3234 1682 3268 et
1706 3238 1804 3268 non
1832 3224 1955 3267 fides
1986 3224 2172 3281 absque

307 3287 391 3331 illa
414 3289 479 3342 (n.
499 3297 624 3342 3513,
650 3287 776 3342 3584,
802 3287 928 3341 3815,
952 3285 1079 3341 9832,
1105 3295 1256 3338 10714,
1281 3294 1431 3339 10715,
1461 3294 1613 3337 10721,
1642 3285 1816 3336 10724).

395 3344 542 3403 Quod
575 3344 862 3401 spectentur
883 3358 1055 3387 omnes
1088 3357 1148 3387 ex
1179 3343 1420 3386 charitate
1448 3343 1495 3385 in
1524 3342 1673 3392 caelo,
1696 3351 1747 3384 et
1778 3355 1878 3385 non
1901 3355 1961 3385 ex
1984 3341 2080 3384 fide
2107 3341 2173 3396 (n.

313 3405 436 3460 1258,
466 3415 586 3459 1394,
607 3403 763 3459 2364[?
783 3403 929 3457 2361],
946 3403 1098 3456 4802).
2149 3409 2157 3417 ’

398 3461 546 3520 Quod
569 3460 857 3518 conjunctio
882 3461 1082 3504 Domini
1105 3474 1217 3503 cum
1242 3459 1445 3503 homine
1468 3473 1567 3502 non
1591 3459 1655 3502 sit
1678 3472 1764 3514 per
1785 3457 1948 3508 fidem,
1971 3457 2058 3502 sed
2086 3470 2174 3515 per

307 3520 461 3564 vitam
496 3521 767 3564 secundum
790 3533 906 3563 vera
939 3533 1065 3576 quae
1099 3519 1213 3563 fidei
1252 3526 1369 3563 sunt
1409 3520 1473 3573 (n.
1498 3518 1625 3573 9380,
1655 3529 1805 3572 10143,
1835 3527 1986 3573 10153,
2016 3530 2173 3572 10310,

315 3579 467 3634 10578,
492 3579 644 3633 10645,
667 3579 841 3633 10648).

397 3635 545 3694 Quod
583 3636 828 3680 Dominus
861 3636 925 3681 sit
956 3637 1102 3680 arbor
1121 3636 1267 3686 vitae,
1291 3636 1422 3679 bona
1452 3634 1707 3679 charitatis
1740 3632 1941 3685 fructus,
1963 3642 2014 3679 et
2051 3633 2174 3677 fides

308 3695 427 3740 folia
451 3696 515 3751 (n.
540 3705 667 3751 3427,
691 3696 841 3751 9337)-
