2496 4250
403 424 481 475 liv
744 437 1080 478 SAPIENTIA
1119 439 1444 479 ANGELICA
1484 441 1566 480 DE
1606 441 1930 494 CONJUGIO.

539 575 663 627 Quod
687 575 770 615 duo
793 577 987 629 conjuges
1011 590 1095 616 non
1118 578 1198 618 sint
1220 578 1303 618 duo
1327 579 1475 631 angeli,
1499 579 1572 619 sed
1600 593 1706 620 unus
1736 580 1904 633 angelus
1931 580 2116 637 (zllustr.,
2137 595 2178 624 n.
2197 583 2264 634 26,

618 638 672 678 28
692 644 765 687 [De
778 646 862 678 Am.
883 647 996 687 Conj„
1011 657 1044 679 n.
1065 639 1173 696 178]),

537 737 660 788 Quod
681 745 833 778 crescat
852 739 1049 791 sapientia
1067 740 1198 780 mariti
1218 740 1260 779 in
1279 741 1506 793 praesentia
1524 742 1675 791 uxoris,
1696 743 1904 795 quomodo
1930 743 1990 799 (n.
2009 743 2097 800 27).

535 834 658 886 Quod
682 834 765 874 duo
789 835 983 888 conjuges
1006 836 1085 876 sint
1108 849 1214 876 unus
1238 837 1376 886 homo,
1400 837 1641 878 illustratum
1663 852 1737 892 per
1758 840 1870 879 varia
1892 840 1936 879 in
1964 841 2131 882 homine
2159 853 2264 895 quae

616 897 699 938 duo
718 905 812 938 sunt
831 905 871 939 et
889 912 1018 952 usque
1037 913 1164 939 unum
1184 899 1337 941 faciunt
1359 900 1419 956 (n.
1435 913 1490 952 44
1510 907 1582 951 [De
1595 910 1680 941 Am.
1698 909 1813 950 conj„
1829 920 1863 942 n.
1882 903 1979 958 3161)

534 995 631 1035 Hoc
654 1001 861 1035 ostensum
881 1009 933 1036 ex
952 996 1105 1045 Verbo,
1125 1003 1165 1037 et
1183 996 1425 1038 illustratum
1449 999 1507 1053 (n.
1523 997 1613 1050 45).

531 1091 656 1143 Quod
675 1092 882 1144 reciproca
900 1093 998 1132 unio
1017 1093 1164 1133 amoris
1185 1100 1224 1151 et
1243 1093 1463 1147 sapientiae
1480 1095 1588 1147 apud
1609 1095 1837 1134 masculum
1857 1101 1896 1135 et
1914 1093 2109 1134 feminam
2128 1094 2262 1140 simul.

611 1156 661 1196 sit
680 1156 816 1209 imago
838 1157 918 1196 Dei
939 1163 978 1197 et
997 1157 1220 1197 similitudo
1242 1159 1323 1198 Dei
1345 1159 1457 1214 (vide
1477 1157 1637 1214 lmayo)
1664 1158 1723 1215 (n.
1739 1158 1829 1213 46).

502 1253 636 1306 Quale
659 1262 719 1296 est
741 1256 1013 1296 masculinum
1042 1264 1082 1297 et
1105 1257 1225 1310 quale
1249 1256 1505 1307 femininum,
1527 1272 1630 1312 quae
1654 1272 1781 1298 unum
1806 1259 1905 1299 fiunt
1929 1272 2000 1312 per
2023 1259 2261 1313 coniugium

612 1319 729 1374 (vide
748 1318 937 1374 femina)
967 1319 1025 1375 (n.
1044 1329 1175 1372 53-55
1199 1327 1272 1369 [De
1285 1329 1370 1360 Am.
1389 1328 1502 1368 conj„
1520 1339 1553 1361 n.
1573 1330 1624 1368 88,
1642 1323 1732 1375 89]).

527 1425 594 1465 De
615 1426 805 1479 conjugio
827 1426 998 1466 Domini
1018 1433 1057 1467 et
1079 1427 1301 1476 Ecclesiae,
1321 1427 1475 1481 aliquid
1502 1427 1560 1483 (n.
1579 1428 1646 1495 693
1669 1427 1757 1479 70).

527 1533 651 1586 Quod
685 1534 807 1589 [nec]
841 1548 934 1574 cum
962 1536 1146 1576 masculo
1175 1536 1263 1576 solo
1287 1549 1365 1577 nec
1394 1550 1487 1577 cum
1516 1537 1667 1578 femina
1691 1538 1779 1578 sola
1801 1539 1850 1578 sit
1873 1539 1996 1590 plena
2019 1538 2258 1592 conjunfflo

608 1609 703 1637 curn
733 1599 928 1646 Domino,
957 1599 1031 1639 sed
1061 1611 1155 1639 cum
1183 1607 1354 1653 utroque
1382 1601 1516 1650 simul,
1545 1615 1619 1655 per
1647 1615 1828 1642 amorem
1857 1615 1952 1642 vere
1982 1603 2255 1656 conjugialem

605 1663 790 1714 (illustr.,
810 1675 851 1702 n.
870 1662 958 1717 74).

524 1758 648 1810 Quod
667 1759 922 1812 providentia
942 1760 1113 1799 Domini
1132 1760 1389 1813 peculiariter
1406 1760 1456 1800 sit
1475 1760 1518 1799 in
1539 1761 1758 1814 conjugiis;
1789 1762 2031 1803 illustratum
2050 1777 2124 1817 per
2142 1763 2257 1804 varia

609 1823 872 1878 (Memorab.‚
889 1836 930 1864 n.
953 1823 1005 1874 76
1025 1829 1098 1872 [De
1111 1831 1197 1863 Am.
1215 1830 1331 1870 Conj.,
1347 1840 1382 1863 n.
1400 1823 1511 1878 229]).

523 1919 647 1971 Quod
676 1920 904 1972 conjugiale
934 1921 983 1960 sit
1010 1920 1054 1959 in
1081 1926 1167 1960 toto
1195 1927 1235 1961 et
1262 1920 1305 1960 in
1329 1920 1441 1960 omni
1464 1927 1576 1973 parte
1600 1920 1710 1974 apud
1732 1921 1955 1970 hominem,
1979 1922 2053 1962 sed
2076 1922 2188 1962 aliud
2211 1923 2255 1962 in

605 1984 788 2023 masculo
812 1990 852 2024 et
875 1984 987 2023 aliud
1007 1984 1050 2023 in
1069 1983 1244 2034 femina3
1277 1991 1317 2024 at
1340 1983 1452 2037 quod
1475 1984 1553 2024 sint
1577 1983 1898 2037 conjunctiones,
1919 1985 2162 2026 illustratum
2182 1999 2256 2039 per

605 2048 840 2100 conjugium
862 2048 1082 2088 voluntatis
1106 2055 1146 2089 et
1166 2047 1412 2097 intellectus,
1437 2054 1477 2088 et
1504 2062 1577 2101 per
1603 2049 1718 2102 pan‘a
1739 2049 1858 2102 plura
1878 2049 1922 2089 in
1945 2061 2114 2103 corpore
2145 2048 2254 2107 (Me-

604 2114 774 2162 morab„
795 2125 836 2153 n.
855 2113 907 2163 76
927 2117 1000 2162 [De
1013 2120 1098 2152 Am.
1117 2120 1231 2160 Conj.,
1248 2130 1282 2152 n.
1304 2112 1415 2168 316]).

523 2208 648 2261 Quod
682 2209 912 2262 conjugiale
946 2209 1069 2250 etiam
1102 2210 1153 2250 sit
1186 2210 1228 2249 in
1261 2209 1588 2262 singularissimis
1618 2221 1723 2263 quae
1756 2217 1978 2251 nascuntur
2006 2223 2028 2250 e
2057 2217 2162 2252 terra
2191 2209 2252 2268 (n.

605 2273 657 2324 76
662 2272 791 2328 fin)

521 2373 588 2412 De
608 2371 764 2413 deliciis
785 2373 932 2413 amoris
954 2372 1193 2426 conjugialis
1212 2374 1270 2425 (n.
1289 2371 1443 2424 77-146
1467 2378 1541 2422 [De
1559 2381 1644 2416 Am.
1667 2380 1783 2420 conj„
1801 2391 1834 2412 n.
1853 2381 1906 2420 68,
1925 2373 2016 2424 69]).

387 2500 815 2553 eonversi0.—Quod
836 2501 981 2542 intima
1001 2501 1192 2551 hominis,
1213 2515 1317 2555 quae
1340 2509 1434 2542 sunt
1456 2503 1542 2555 ejus
1565 2503 1740 2552 animae,
1763 2515 1960 2544 conversa
1980 2505 2059 2545 sint
2078 2518 2251 2554 sursum,

600 2566 657 2605 ita
676 2565 730 2605 ad
754 2566 1007 2615 Dominum;
1038 2565 1229 2606 inferiora
1251 2572 1479 2606 antrorsum
1502 2567 1556 2606 ad
1575 2568 1803 2617 mundum3
1834 2573 1874 2607 et
1896 2568 2038 2607 infima
2059 2568 2250 2609 deorsum

601 2630 654 2669 ad
673 2642 742 2679 se;
773 2636 813 2670 et
831 2630 942 2683 quod
957 2630 1082 2673 homo
1096 2630 1194 2688 inde
1212 2631 1358 2670 sentiat
1372 2630 1444 2670 illa
1462 2643 1566 2684 quae
1582 2630 1756 2671 influunt
1770 2630 1874 2672 sicut
1887 2631 1928 2670 in
1945 2645 1989 2672 se
2007 2631 2066 2686 (n.
2085 2640 2144 2684 71,
2161 2631 2249 2688 72).

382 2915 704 2958 Deliciae.—De
729 2915 883 2954 deliciis
905 2915 1052 2954 amoris
1072 2914 1312 2967 conjugialis
1339 2912 1453 2970 (vide
1474 2912 1600 2955 Amor·
1619 2911 1888 2968 conluylalt's)
1915 2912 1975 2968 (n.
1993 2912 2149 2965 77-146
2172 2919 2247 2962 [De

600 2986 684 3018 Am.
703 2986 816 3026 conj„
830 2996 863 3018 n.
880 2986 933 3025 68,
949 2978 1039 3033 69]).

518 3076 642 3129 Quod
665 3089 738 3128 per
761 3075 928 3116 delicias
952 3075 1232 3128 intelligantur
1257 3073 1540 3122 beatitudines,
1561 3071 1796 3122 faustitates,
1817 3071 2043 3121 felicitates,
2058 3072 2246 3126 jucundi-

596 3146 710 3188 tates,
730 3146 771 3180 et
789 3139 1039 3192 voluptates;
1071 3140 1112 3178 in
1132 3150 1296 3191 genere,
1314 3137 1467 3190 gaudia
1485 3143 1524 3177 et
1543 3137 1718 3177 laetitiae
1738 3138 1794 3190 (n.
1813 3136 1900 3190 77).

517 3237 640 3278 Unde
660 3237 834 3277 deliciae
856 3235 967 3292 (vide
986 3235 1128 3290 Amor)
1154 3235 1213 3291 (n.
1232 3243 1282 3286 77
1303 3240 1375 3283 [De
1387 3241 1473 3272 Am.
1495 3240 1610 3280 Conj„
1626 3251 1659 3272 ¹¹·
1678 3233 1789 3287 461])·

517 3338 641 3390 Quod
658 3336 887 3390 jucundum
906 3337 957 3377 sit
975 3336 1060 3376 vita
1077 3335 1226 3375 amoris
1249 3333 1309 3389 (n.
1328 3333 1380 3385 78
1401 3339 1473 3381 [De
1486 3340 1572 3371 Am.
1590 3338 1688 3378 conj.
1705 3349 1740 3370 n.
1759 3329 1871 3386 461])·

511 3435 636 3488 Quod
651 3433 835 3488 jucunda
854 3433 1000 3473 amoris
1021 3438 1240 3486 sequantur
1254 3430 1453 3478 ordinem,
1467 3429 1571 3469 sicut
1591 3428 1696 3476 finis,
1713 3439 1849 3475 causa,
1864 3433 1904 3467 et
1923 3425 2115 3475 effectui-»3
2146 3437 2245 3479 quo·

596 3499 721 3538 modo
741 3511 834 3538 cum
850 3497 1005 3537 deliciis
1025 3497 1080 3545 fit,
1098 3496 1197 3535 dum
1216 3495 1308 3535 finis
1323 3507 1395 3534 seu
1415 3505 1529 3533 amor
1546 3491 1813 3546 progreditur,
1827 3496 2018 3538 moratur,
2038 3496 2076 3530 et
2096 3489 2246 3530 sistitur

600 3563 661 3619 (n.
678 3561 767 3618 82).

381 3682 783 3736 Dominus.—Qu0d
810 3682 943 3722 omnis
967 3694 1082 3721 amor
1100 3686 1140 3720 et
1161 3679 1294 3719 omnis
1319 3677 1528 3731 sapientia,
1549 3689 1621 3717 seu
1641 3689 1763 3716 omne
1786 3675 1941 3716 bonum
1966 3680 2005 3715 et
2025 3686 2178 3721 verum,
2197 3671 2247 3711 sit

599 3763 623 3788 a
643 3747 826 3788 Domino
851 3745 910 3802 (n.
928 3757 980 3798 33
1001 3751 1073 3794 [De
1087 3751 1171 3784 Am.
1189 3749 1303 3790 Conj„
1320 3759 1353 3781 n.
1374 3739 1482 3796 121]).
