2496 4250
366 443 428 479 10

356 891 451 943 DE
491 891 788 944 UNITATE
830 891 1006 971 DEIK
1036 903 1149 944 SEU
1194 903 1366 955 QUOD
1407 905 1568 946 UNUS
1609 892 1779 946 DEUS
1819 906 1930 947 SIT.

465 1057 506 1094 1.

429 2790 505 2828 10.

816 440 1106 481 CANONES
1146 441 1359 481 NOVAE
1399 441 1756 482 ECCLESIAE.

967 700 1231 753 CAPUT
1283 701 1616 754 PRIMUM.

562 1043 729 1110 Quod
769 1060 1091 1110 supremum
1131 1052 1190 1096 et
1229 1045 1490 1096 intimum
1532 1046 1781 1096 omnium
1821 1045 2211 1099 doE'trinalium

705 1123 996 1184 ecclesiae,
1028 1131 1086 1174 et
1125 1124 1255 1174 inde
1289 1123 1603 1174 universale
1634 1123 1874 1185 illorum,
1909 1126 1983 1176 sit
2015 1126 2213 1192 cogni-

705 1202 786 1251 tio
820 1209 878 1252 et
910 1202 1128 1267 agnitio
1161 1202 1310 1268 quod
1346 1202 1500 1252 Deus
1533 1219 1672 1252 unus
1705 1203 1793 1253 sit.

561 1278 728 1346 Quod
763 1281 865 1330 nisi
899 1298 1038 1330 unus
1067 1281 1221 1331 Deus
1249 1281 1411 1342 foret,
1442 1297 1556 1330 non
1584 1281 1865 1347 potuisset
1894 1282 2212 1334 universum

705 1361 880 1410 creari
913 1368 970 1410 et
1005 1360 1342 1410 conservari.

561 1435 729 1503 Quod
775 1439 829 1488 in
876 1438 1106 1489 homine
1145 1439 1236 1505 qui
1283 1455 1397 1488 non
1437 1439 1701 1504 agnoscit
1742 1438 1944 1500 Deum,
1987 1455 2100 1490 non
2140 1440 2215 1491 sit

703 1516 960 1578 ecclesia,
995 1517 1077 1567 ita
1109 1533 1222 1570 non
1256 1516 1493 1567 caelum.

560 1593 727 1660 Quod
766 1596 822 1645 in
855 1595 1084 1646 homine
1113 1595 1203 1661 qui
1236 1612 1349 1645 non
1383 1595 1646 1660 agnoscit
1678 1611 1849 1645 unum
1881 1595 2083 1656 Deum,
2114 1595 2214 1647 sed

704 1673 910 1739 plures,
948 1673 1085 1724 nihil
1120 1673 1394 1724 ecclesiae
1428 1673 1749 1724 cohaereat.

496 1792 505 1801 .
560 1750 728 1817 Quod
760 1751 1090 1802 universalis
1118 1751 1358 1801 influxus
1391 1769 1424 1802 a
1457 1751 1582 1802 Deo
1614 1759 1672 1802 et
1705 1770 1735 1802 e
1767 1751 1927 1803 caelo
1955 1751 2215 1818 angelico

703 1831 758 1879 in
799 1830 1045 1880 animam
1076 1829 1321 1880 hominis
1351 1830 1440 1891 sit,
1476 1830 1626 1896 quod
1662 1830 1816 1880 Deus
1849 1831 1939 1891 sit,
1975 1838 2032 1881 et
2064 1830 2215 1897 quod

705 1925 845 1958 unus
879 1908 967 1977 sit..

561 1984 729 2052 Quod
770 1987 916 2036 ratio
952 1985 1201 2036 humana
1240 2003 1315 2036 ex
1355 1985 1548 2037 multis
1587 1987 1642 2036 in
1682 1986 1892 2036 mundo
1928 1987 2214 2053 percipere

703 2065 901 2130 possit,
937 2065 982 2114 si
1021 2064 1161 2125 vult,
1198 2064 1350 2131 quod
1389 2064 1543 2115 Deus
1582 2060 1672 2126 siit,
1709 2072 1767 2115 et
1805 2072 2026 2131 quoque
2065 2065 2215 2132 quod

705 2163 863 2196 unus

558 2228 698 2279 Inde
726 2235 813 2279 est
842 2228 992 2295 quod
1019 2229 1074 2278 in
1103 2228 1363 2279 universo
1387 2228 1596 2279 mundo
1619 2245 1732 2279 non
1755 2228 1919 2279 detur
1940 2245 2101 2294 genS,
2126 2230 2213 2280 cui

704 2314 791 2357 est
825 2307 1024 2374 religio
1063 2314 1121 2358 et
1162 2323 1299 2357 sana
1337 2308 1502 2368 rati0‚
1535 2325 1677 2373 quae
1706 2323 1819 2357 non
1852 2307 2116 2373 agnoscit
2154 2315 2214 2359 et

702 2385 912 2436 fatetur
944 2401 1114 2436 unum
1148 2385 1349 2435 Deum.
2137 2377 2140 2379 ’

559 2461 727 2529 Quod
775 2463 1079 2530 Scriptura,
1128 2471 1186 2515 et
1236 2464 1365 2515 inde
1413 2462 1701 2515 doehinae
1747 2463 2112 2516 ecclesiarum
2157 2466 2212 2516 in

704 2541 1027 2593 Christiano
1061 2543 1213 2604 orbe,
1251 2543 1498 2593 doceant
1532 2543 1683 2609 quod
1715 2560 1855 2593 unus
1888 2543 2042 2593 Deus
2075 2544 2164 2594 sit.

559 2619 671 2671 Sed
699 2621 849 2688 quod
878 2621 1058 2687 qualis
1086 2638 1227 2672 unus
1254 2621 1349 2672 ille
1384 2621 1537 2671 Deus
1567 2629 1672 2683 est,
1703 2620 1894 2688 populi
1922 2629 1979 2672 et
2005 2629 2211 2688 gentes

704 2700 981 2750 abiverint
1015 2708 1072 2751 et
1101 2697 1354 2750 [flabeant
1387 2701 1440 2750 in
1474 2700 1770 2750 diversum,

561 2775 729 2844 Quod
769 2778 1045 2829 abiverint
1085 2785 1142 2829 et
1189 2778 1398 2829 abeant
1437 2778 1491 2828 in
1532 2779 1813 2829 diversum
1853 2778 1923 2830 de
1963 2778 2106 2841 De0,
2149 2787 2210 2832 et

704 2857 773 2908 de
805 2857 1023 2908 unitate
1058 2855 1210 2924 Ejus,
1246 2856 1358 2908 sint
1392 2855 1579 2923 plures
1614 2873 1832 2908 causae.
