2496 4250
410 404 477 470 36
1195 414 1478 456 conoms.

408 556 678 608 facultate
710 557 1101 625 recipiendiet
1134 556 1538 623 reproducendi
1571 556 1857 607 influentia
1888 574 1918 607 a
1953 557 2075 608 Deo
2107 574 2259 624 pror-

408 653 500 686 sus
546 644 606 687 ut
651 653 684 686 a
729 654 805 697 se,
847 652 960 686 non
998 635 1142 686 foret
1183 636 1231 686 ei
1271 635 1495 701 aliquod
1536 652 1693 685 suum
1736 653 1799 686 ac
1841 637 2118 702 proprium
2159 637 2260 686 nisi

409 714 865 781 imperceptibile,
895 715 1044 780 quod
1077 722 1162 764 est
1196 713 1374 764 simile
1402 715 1626 780 proprio
1653 714 1925 780 sculptilis
1956 714 2261 764 inanimati.

410 791 520 843 Sed
560 792 717 858 plura
756 793 825 842 de
864 793 1107 857 imagine
1146 799 1202 842 et
1243 791 1603 842 similitudine
1644 791 1748 842 Dei
1787 793 1933 858 apud
1979 792 2262 843 hominem

409 872 703 921 videantur
741 871 796 920 in
833 869 1188 920 Memorabilz'
1221 870 1275 919 in
1315 887 1482 936 opere
1522 870 1897 936 praecedente
1937 869 2087 935 cujus
2125 869 2262 920 haec

410 958 496 1000 est
531 949 859 1015 Appendix‚
891 965 943 999 n.
969 950 1053 1012 48.

508 1107 613 1163 27.
663 1096 753 1153 (ii.)
791 1095 1061 1147 Secundus
1088 1100 1258 1147 status
1280 1094 1668 1161 Antiqm'ssimae
1691 1094 1838 1161 hujus
1861 1093 2145 1154 Ecclesiae,
2172 1109 2266 1145 sou

410 1172 709 1238 Proqressio
728 1172 838 1238 ejus
861 1172 911 1222 in
935 1172 1136 1231 Lucem,
1154 1177 1214 1222 et
1230 1171 1364 1230 Dies,
1387 1172 1716 1223 describitur
1736 1173 1791 1222 in
1809 1172 2059 1222 secundo
2081 1172 2265 1238 capite

414 1250 690 1312 Genese05‚
725 1268 822 1317 per
853 1251 1027 1301 haec:

497 1364 523 1380 “
545 1362 767 1402 Plantavit
801 1359 1047 1414 [jehovah]
1077 1362 1198 1401 Deus
1218 1363 1397 1401 hortum
1428 1363 1472 1402 in
1506 1362 1630 1401 Eden
1661 1363 1718 1401 ab
1746 1363 1932 1410 oriente,
1956 1370 1999 1401 et
2029 1362 2177 1412 posuit
2206 1362 2267 1401 ibi

627 1418 854 1456 hominem
886 1429 1015 1468 quem
1046 1417 1331 1463 formaverat,
1368 1448 1377 1456 .
1400 1447 1410 1456 .
1433 1447 1442 1456 .
1463 1447 1473 1456 .
1506 1418 1562 1456 ad
1591 1417 1826 1456 colendum
1858 1425 1901 1456 et
1930 1417 2267 1456 custodiendum

627 1473 766 1511 illum.
804 1503 812 1511 .
835 1502 844 1511 .
864 1503 876 1511 .
896 1502 905 1511 .
942 1472 996 1510 Et
1017 1471 1350 1522 progerminare
1371 1471 1475 1510 fecit
1495 1471 1696 1523 Jehovah
1721 1469 1879 1523 [Deus,
1900 1484 1955 1510 ex
1975 1467 2150 1523 humo,]
2173 1483 2269 1510 om-

628 1539 729 1565 nem
760 1527 964 1564 arborem
985 1526 1322 1564 desiderabilem
1352 1524 1548 1575 aspectu,
1574 1533 1617 1564 et
1647 1527 1810 1564 bonam
1837 1526 1880 1564 in
1912 1526 2088 1571 cibum;
2128 1533 2172 1565 et
2200 1538 2269 1564 ar·

627 1583 781 1619 borem
805 1581 919 1619 vitae
941 1580 986 1618 in
1009 1580 1153 1618 medio
1174 1580 1305 1627 horti,
1325 1587 1370 1619 et
1389 1581 1592 1619 arborem
1611 1580 1821 1619 scientiae
1842 1581 1947 1619 boni
1969 1588 2012 1619 et
2033 1580 2151 1619 mali.
2213 1579 2269 1619 Et

628 1635 786 1674 fluvius
817 1635 952 1674 exivit
980 1647 1036 1673 ex
1067 1634 1190 1672 Eden
1221 1635 1277 1672 ad
1306 1630 1577 1684 irrigandum
1606 1635 1783 1673 hortum
1789 1665 1926 1681 .....
1947 1635 2018 1685 qui
2050 1632 2192 1674 sacius
2222 1635 2268 1674 in

629 1697 815 1740 quatuor
827 1687 1014 1739 capita,''
1029 1689 1072 1727 in
1088 1700 1274 1739 quorum
1288 1689 1431 1738 primo
1443 1695 1537 1727 erat
1548 1701 1700 1727 aurum
1714 1695 1758 1727 et
1770 1689 1881 1739 lapis
1893 1689 2120 1728 schoham.
2169 1719 2179 1729 .
2199 1719 2208 1729 .
2227 1719 2238 1729 .
2255 1719 2265 1729 .

633 1744 732 1782 “Et
763 1743 985 1794 praecepit
1014 1743 1215 1794 Jehovah
1248 1742 1369 1781 Deus
1399 1743 1584 1789 homini,
1618 1743 1819 1789 dicendo,
1856 1743 1923 1782 De
1953 1743 2077 1782 omni
2107 1744 2267 1782 arbore

627 1799 744 1837 horti
765 1799 965 1903 come31e,
986 1798 1064 1837 sed
1094 1798 1149 1836 de
1178 1798 1336 1836 arbore
1357 1797 1566 1836 scientiae
1588 1797 1694 1836 boni
1723 1805 1768 1836 et
1795 1797 1900 1836 mali
1930 1810 2020 1836 non
2051 1798 2232 1837 comede
2245 1796 2269 1812 ''

629 1853 759 1902 (vers.
787 1854 891 1900 8-17
914 1883 926 1892 .

414 1959 581 2026 Quod
627 1960 946 2026 progressio
990 1958 1147 2024 hujus
1193 1957 1484 2009 Ecclesiae
1529 1959 1583 2009 in
1630 1958 1811 2009 lucem
1850 1975 1946 2009 seu
1985 1959 2132 2009 diem
2170 1959 2268 2011 de-

374 2045 377 2046 ’
412 2039 686 2090 scribatur
718 2056 815 2104 per
848 2038 998 2104 quod
1031 2037 1288 2088 Adamus
1328 2038 1543 2104 positus
1576 2037 1647 2088 sit
1686 2038 1741 2088 in
1779 2037 2005 2088 hortum
2039 2036 2287 2098 Edenis,

412 2126 500 2168 est
546 2119 672 2184 quia
723 2135 820 2183 per
868 2117 1139 2167 “hortum
1160 2116 1183 2135 ”
1222 2115 1566 2182 significatur
1612 2115 1869 2166 Ecclesia
1912 2115 2095 2182 quoad
2138 2133 2272 2167 vera

413 2204 470 2247 et
516 2197 666 2246 bona
712 2195 841 2261 ejus,
920 2194 1086 2261 Quod
1134 2213 1206 2245 ex
1256 2194 1421 2245 Eden
1468 2195 1708 2245 exiverit
1755 2194 1948 2245 fluvius
1993 2192 2170 2245 factus
2213 2195 2283 2245 in,

413 2282 654 2341 quatuor
705 2276 910 2340 capita,
963 2275 1017 2324 in
1075 2290 1310 2340 quorum
1362 2274 1541 2339 primo
1594 2281 1713 2323 erat
1767 2290 1961 2323 aurum
2014 2281 2073 2324 et
2130 2273 2276 2340 lapis

415 2355 708 2413 schoham‚
752 2353 1034 2419 significat
1081 2353 1231 2420 quod
1278 2354 1332 2403 in
1379 2352 1638 2403 Ecclesia
1683 2352 1779 2403 illa
1823 2361 1973 2404 esset
2020 2351 2272 2404 doctrina

413 2433 544 2482 boni
577 2441 634 2483 et
666 2434 799 2494 veri,
833 2433 1073 2482 “fluvius
1089 2432 1112 2450 ’'
1140 2433 1287 2483 enim
1321 2431 1598 2497 significat
1632 2429 1962 2493 doctrinam,
1993 2436 2231 2482 “aurum
2247 2430 2271 2450 ”

414 2511 529 2576 ejus
574 2512 800 2572 bonum,
849 2521 907 2562 et
953 2511 1140 2577 “lapis
1192 2510 1507 2561 schoham”
1552 2509 1668 2576 ejus
1714 2527 1921 2560 verum.
1999 2508 2166 2576 Quod
2215 2510 2271 2560 in

414 2591 581 2641 horto
620 2591 717 2641 illo
750 2592 968 2656 positae
1001 2590 1202 2640 fuerint
1235 2590 1378 2639 duae
1405 2589 1648 2648 arboreS,
1683 2606 1792 2639 una
1823 2590 1973 2640 vitae
2004 2597 2062 2640 et
2093 2588 2274 2640 altera

414 2671 685 2720 scientiae
718 2670 848 2719 boni
887 2677 943 2719 et
984 2669 1132 2729 mali,
1167 2676 1286 2719 erat
1326 2668 1454 2735 quia
1489 2667 1724 2719 “Arbor
1755 2667 1963 2719 Vitae”
1994 2666 2271 2734 significat

416 2748 736 2807 Dominum,
779 2749 842 2798 in'
874 2766 982 2814 quo
1028 2756 1085 2798 et
1131 2765 1204 2798 ex
1245 2765 1354 2814 quo
1394 2755 1481 2798 est
1520 2748 1637 2798 vita
1675 2748 1878 2798 amoris
1917 2746 2177 2798 caelestis
2214 2755 2272 2798 et

415 2828 741 2893 sapientiae,
771 2845 913 2893 quae
948 2828 1002 2876 in
1031 2844 1090 2877 se
1117 2835 1203 2877 est
1231 2827 1347 2876 vita
1374 2834 1635 2889 aeterna;
1676 2843 1739 2876 ac
1772 2826 1980 2876 “arbor
2006 2825 2273 2876 scientiae

398 2906 547 2959 boni
587 2913 643 2955 et
684 2905 815 2955 mali
831 2905 854 2923 '’
887 2904 1166 2970 significat
1205 2904 1510 2964 hominem,
1544 2905 1598 2954 in
1639 2922 1748 2970 quo
1787 2912 1874 2955 est
1913 2905 2031 2955 vita
2069 2905 2274 2954 amoris

415 2983 715 3043 infernaliS‚
752 2993 808 3033 et
848 2984 976 3033 inde
1009 2984 1222 3033 insania
1260 2984 1314 3033 in
1355 2983 1516 3032 rebus
1551 2982 1857 3041 Ecclesiae,
1892 2999 2033 3048 quae
2064 2982 2180 3032 vita
2217 2982 2272 3032 in

416 3080 475 3112 se
509 3060 764 3128 spectata
796 3071 882 3112 est
916 3078 1066 3112 mors
1098 3070 1344 3111 aeterna.
1422 3059 1588 3125 Quod
1624 3060 1839 3111 licuerit
1873 3060 2168 3110 comedere
2198 3077 2271 3110 ex

418 3142 568 3190 omni
613 3142 810 3190 arbore
856 3140 1005 3190 horti
1052 3148 1276 3206 praeter
1322 3157 1395 3189 ex
1437 3139 1684 3189 “arbore
1724 3140 1993 3189 scientiae
2038 3139 2170 3189 boni
2215 3147 2272 3189 et

418 3219 596 3280 mali‚''
636 3218 915 3284 significat
957 3218 1189 3268 liberum
1230 3218 1517 3268 arbitrium
1558 3219 1612 3267 in
1653 3217 2046 3283 spiritualibuS,
2087 3217 2275 3267 omnia

418 3299 565 3348 enim
612 3297 760 3348 horti
808 3297 1198 3368 significabant
1245 3293 1615 3362 spiritualia[¹¹;
1672 3313 1800 3346 nam
1847 3296 2055 3361 absque
2100 3294 2274 3345 libero

418 3377 645 3427 arbitrio
674 3378 728 3426 in
757 3376 880 3435 illis,
906 3376 1076 3426 homo
1106 3391 1454 3441 nequaquam
1484 3383 1674 3440 potest
1704 3373 1963 3440 progredi
1990 3374 2044 3423 in
2073 3372 2272 3432 lucem,

418 3455 526 3506 hoc
556 3463 659 3515 est,
689 3456 743 3504 in
771 3472 901 3504 vera
921 3463 977 3505 et
1010 3454 1158 3505 bona
1180 3453 1486 3511 Ecclesiae,
1507 3461 1563 3503 et
1591 3453 1693 3502 sibi
1720 3468 2043 3518 comparare
2063 3451 2271 3513 vitam3

419 3535 462 3583 si
496 3534 643 3583 enim
671 3533 778 3583 hoc
809 3549 919 3582 non
949 3533 1192 3583 intendit
1221 3540 1278 3582 et
1307 3533 1533 3597 satagit,
1564 3538 1851 3597 comparat
1881 3530 1982 3580 sibi
2014 3536 2271 3579 mortem.

421 3611 587 3677 Quod
630 3611 916 3661 “hortus‘’
957 3610 1234 3676 significet
1276 3610 1591 3659 Ecclesiam
1631 3610 1814 3676 quoad
1853 3625 1984 3658 vera
2023 3615 2080 3658 et
2124 3607 2271 3658 bona

419 3690 550 3755 ejuS,
593 3698 677 3740 est
719 3707 791 3739 ex
833 3690 1333 3755 correspondentia
1371 3689 1583 3739 arboris
1623 3704 1747 3738 cum
1794 3687 2055 3748 homine;
2109 3685 2273 3736 arbor

2487 3023 2496 3148 .--.-.-
2487 2893 2496 3008 ..-.-..ι,.
