2496 4250
382 436 504 486 xxii
716 448 1053 489 SAPIENTIA
1093 450 1416 490 ANGELICA
1456 451 1539 490 DE
1578 450 1902 504 CONJUGIO.

516 587 583 627 De
604 587 893 640 conjunctione
908 603 983 642 per
996 590 1182 642 jucunda
1196 590 1306 643 apud
1325 591 1472 640 malos,
1497 591 1654 645 aliquid
1673 590 1732 648 (n.
1750 591 1876 647 1919).

515 683 582 723 De
602 684 758 724 deliciis
777 685 926 724 amoris
947 685 1201 739 conjugialis,
1221 699 1273 726 ex
1297 687 1543 740 quibusdam
1564 688 1758 728 uxoribus
1779 688 1821 728 in
1844 688 1959 729 caelo
1979 689 2238 742 (Alcmona,

593 761 635 787 n.
655 759 762 788 2002
787 755 859 797 [De
872 757 958 788 Am.
978 756 1092 797 Conj„
1109 767 1143 790 n.
1165 750 1332 807 155[*]]).

376 861 749 918 Besponsatlo.-(
765 863 861 902 Vide
882 862 1105 918 Sponsus.)

374 977 748 1021 Divorz‘ivm.—De
783 980 915 1020 causis
950 981 1159 1034 frigorum,
1189 982 1505 1035 separationum,
1537 989 1575 1023 et
1610 983 1876 1024 divortiorum
1909 984 2016 1024 inter
2043 985 2238 1039 conjuges

591 1044 699 1095 (vide
717 1045 842 1084 eliam
863 1044 1035 1101 Frigus)
1061 1045 1120 1102 (n.
1138 1046 1340 1098 853—1018
1361 1053 1434 1096 [De
1447 1055 1532 1087 Am.
1553 1054 1670 1094 Conj.,
1687 1065 1721 1087 n.
1740 1047 1943 1103 234—260]).

509 1140 634 1192 Quod
662 1140 762 1181 vitia
788 1141 946 1191 mentis,
976 1142 1075 1182 vitia
1103 1144 1294 1196 corporis,
1326 1150 1366 1184 et
1394 1145 1645 1197 impotentia,
1676 1146 1755 1185 sint
1789 1158 1935 1185 causae
1965 1145 2233 1200 separationis

592 1205 728 1257 quoad
750 1211 882 1245 torum
903 1210 958 1259 (n.
975 1206 1168 1258 979—984
1184 1213 1256 1255 [De
1269 1215 1355 1247 Am.
1375 1215 1489 1254 Conj.‚
1506 1225 1540 1247 n.
1557 1207 1756 1264 252—254J).

508 1300 634 1352 Quod
653 1302 841 1341 scortatio
860 1303 913 1342 sit
930 1302 1111 1355 genuina
1131 1314 1254 1343 causa
1273 1304 1436 1344 divortii
1460 1303 1519 1360 (n.
1537 1304 1588 1356 98
1593 1313 1727 1356 5—993
1745 1310 1817 1353 [De
1831 1313 1916 1343 Am.
1938 1311 2054 1352 conj„
2069 1322 2104 1344 n.
2123 1303 2234 1361 2551).

370 1419 662 1476 Boml'mls.—(
670 1420 852 1475 [INDEX
863 1435 919 1461 AL
928 1435 1010 1462 TER
1030 1436 1188 1475 quoque
1205 1422 1436 1476 videatur]
1447 1422 1460 1476 )

501 1493 751 1534 Glorificatio
777 1493 948 1533 Domini
977 1494 1021 1534 in
1045 1495 1168 1534 caelis
1195 1502 1359 1548 propter
1383 1497 1622 1536 Adventum
1650 1496 1799 1550 Ipsius,
1822 1509 1872 1537 ex
1895 1496 2033 1537 Verbo
2060 1495 2235 1553 (Μνησ-

592 1558 695 1606 rab„
716 1570 757 1598 n.
777 1567 880 1610 2035
905 1564 977 1606 [De
991 1566 1077 1598 Am.
1097 1565 1213 1605 conj„
1234 1575 1269 1598 n.
1289 1557 1379 1614 81]).

367 1777 647 1833 Ecclesia.—(
665 1778 761 1818 Vide
779 1779 904 1818 etiam
929 1777 1171 1832 Consuqfflm
1193 1777 1419 1833 spirituale
1438 1785 1477 1819 et
1495 1778 1693 1835 Religio.)

506 1851 572 1890 De
593 1850 785 1903 conjugio
806 1851 978 1891 Domini
998 1863 1091 1891 curn
1113 1851 1287 1891 ecclesia
1309 1850 1368 1907 (n.
1386 1863 1607 1903 1301-1344
1627 1857 1699 1900 [De
1713 1859 1797 1890 Am.
1822 1858 1937 1899 Cous„
1952 1869 1988 1891 n.
2008 1851 2206 1909 115-131])·

506 1947 630 1999 Quod
664 1947 707 1986 in
735 1947 876 1986 Verbo
910 1947 1116 1987 Dominus
1153 1947 1313 1987 dicatur
1344 1947 1600 2000 “Sponsus’'
1633 1953 1673 1987 et
1702 1947 1959 1996 “Maritus‚’'
1991 1953 2031 1988 et
2063 1947 2237 1988 ecclesia

585 2016 611 2035 ‘⁴‘
626 2011 821 2063 Sponsa’'
844 2017 884 2050 et
904 2016 930 2034 ‘⁴
941 2012 1057 2052 Uxor
1065 2012 1107 2060 ;”
1134 2018 1173 2051 et
1196 2012 1308 2064 quod
1332 2010 1567 2064 conjunctio
1590 2011 1760 2050 Domini
1781 2023 1875 2050 cum
1899 2011 2086 2059 ecclesia,
2107 2018 2146 2052 et
2169 2025 2234 2052 ec-

585 2075 733 2185 clesia<)e
754 2087 847 2114 cum
869 2075 1065 2124 Domino,
1089 2075 1247 2116 dicatur
1268 2081 1293 2099 ‘⁶
1308 2075 1582 2128 conjugium'’
1608 2073 1668 2131 (n.
1684 2086 1798 2127 1304,
1812 2083 1909 2127 1305
1928 2081 2000 2124 [De
2013 2083 2097 2115 Am.
2117 2082 2234 2123 Conj„

583 2147 619 2170 n.
639 2136 712 2179 117]
738 2161 747 2171 .

423 2264 438 2281 ,Ὢ
502 2227 625 2280 Quod
647 2227 851 2266 Dominus
872 2226 1031 2266 dicatur
1051 2226 1262 2265 “Maritus
1286 2227 1310 2246 '‘
1332 2239 1383 2265 ex
1405 2226 1560 2266 Divino
1582 2226 1700 2265 Bono
1721 2231 1761 2265 et
1781 2225 1938 2266 Divino
1957 2227 2068 2266 Vero
2085 2225 2232 2275 unitis;

581 2298 622 2330 et
640 2290 751 2343 quod
774 2290 947 2330 ecclesia
967 2290 1126 2329 dicatur
1145 2295 1172 2314 ‘⁶
1185 2290 1336 2330 Uxor’'
1360 2302 1412 2328 ex
1432 2289 1672 2342 receptione
1705 2290 1854 2331 Divini
1887 2290 1993 2330 Boni
2012 2290 2056 2330 in
2077 2291 2234 2331 Divino

583 2355 695 2394 Vero
718 2353 775 2409 (n.
794 2352 1051 2408 1306-1310).

499 2450 627 2503 Quod
646 2450 725 2489 hoc
742 2449 977 2502 conjugium
993 2449 1043 2489 sit
1059 2461 1151 2488 cum
1168 2448 1323 2488 Divino
1338 2449 1541 2488 Humano
1559 2449 1744 2497 Domini,
1761 2455 1801 2489 et
1820 2462 1893 2502 per
1904 2449 1948 2489 id
1968 2462 2062 2490 cum
2078 2448 2234 2490 Divino

584 2514 695 2566 quod
716 2515 835 2553 Pater
854 2519 1022 2552 vocatur
1044 2512 1104 2568 (n.
1122 2511 1366 2566 1311-1317).

501 2610 625 2663 Quod
653 2610 715 2650 illi
739 2610 891 2649 faciant
915 2609 1147 2657 ecclesiam,
1172 2621 1266 2648 cum
1295 2621 1377 2661 qua
1401 2615 1461 2647 est
1491 2608 1728 2660 conjugium
1757 2608 1874 2656 illud,
1899 2608 1968 2661 qui
1997 2607 2232 2648 immediate

580 2674 732 2713 adeunt
762 2673 991 2712 Dominum
1018 2679 1059 2712 et
1086 2673 1231 2712 vivunt
1259 2673 1486 2712 secundum
1515 2678 1733 2724 praecepta
1762 2672 1898 2724 Ipsius
1930 2671 1990 2723 (n.
2011 2671 2119 2724 1318,
2139 2682 2231 2723 1319

583 2735 655 2778 [De
669 2736 753 2767 Ant.
775 2735 891 2774 Conj.‚
907 2745 942 2767 n.
963 2727 1073 2782 129]).

501 2825 624 2879 Quod
649 2825 710 2864 illi
733 2825 775 2864 in
801 2824 995 2877 conjugio
1018 2823 1091 2863 illo
1111 2823 1190 2863 sint
1210 2823 1281 2876 qui
1304 2823 1356 2863 ab
1380 2823 1554 2862 ecclesia
1577 2836 1682 2875 quae
1702 2822 1943 2875 intelligitur
1970 2835 2043 2875 per
2066 2823 2231 2863 Novam

585 2888 921 2941 Hierosolymam
941 2894 1034 2927 sunt
1056 2894 1095 2927 et
1115 2894 1231 2928 erunt
1255 2886 1315 2943 (n.
1332 2898 1560 2939 1320—1323
1583 2893 1654 2935 [De
1668 2894 1753 2925 Am.
1772 2893 1888 2933 conj„
1903 2903 1940 2926 n.
1957 2904 2011 2934 43,
2027 2885 2138 2943 ssd)-

500 2985 624 3038 Quod
652 2984 713 3023 illi
737 2983 807 3037 qui
830 2983 872 3023 in
897 2983 1088 3036 conjugio
1111 2983 1186 3022 illo
1210 2989 1318 3032 sunt,
1341 2982 1386 3022 in
1415 2982 1719 3022 consociatione
1749 2983 1829 3022 sint
1857 2995 1951 3022 cum
1979 2982 2138 3035 angelis
2167 2982 2229 3038 (n.

580 3046 847 3103 1304—1328).

499 3144 625 3198 Quod
645 3157 788 3184 omnes
807 3144 852 3183 in
867 3143 941 3183 illo
962 3142 1154 3195 conjugio
1166 3142 1246 3182 sint
1265 3142 1335 3195 qui
1353 3141 1625 3181 reformantur
1639 3147 1679 3180 et
1698 3146 1990 3194 regenerantur
2003 3154 2028 3180 a
2047 3140 2229 3181 Domino

584 3207 645 3264 (n.
661 3205 919 3260 1329-1331).

499 3305 623 3357 Quod
654 3304 703 3344 sit
728 3303 966 3356 conjugium
992 3302 1192 3342 Divinum
1221 3301 1411 3349 caeleste,
1443 3300 1678 3352 conjugium
1708 3299 1907 3339 Divinum
1937 3298 2160 3352 spirituale,
2188 3303 2228 3338 et

581 3367 816 3420 conjugium
848 3366 1049 3405 Divinum
1074 3365 1283 3414 natura1e3
1325 3370 1365 3404 et
1388 3363 1501 3417 quod
1530 3376 1657 3416 usque
1687 3363 1763 3403 tria
1792 3363 1863 3402 illa
1887 3361 2077 3415 conjugia
2099 3374 2226 3401 unum

582 3431 817 3484 conjugium
836 3430 987 3470 faciant
1006 3429 1062 3484 (n.
1080 3441 1124 3481 13
1128 3439 1253 3481 32-13
1258 3426 1346 3483 34).

499 3528 707 3581 Quoniam
737 3541 788 3567 ex
817 3527 1010 3579 conjugio
1040 3526 1112 3566 illo
1141 3531 1363 3566 nascuntur
1389 3524 1536 3577 proles,
1557 3537 1662 3577 quae
1692 3531 1785 3564 sunt
1806 3523 1916 3564 bona
1939 3529 1979 3564 et
1999 3536 2107 3572 vera,
2129 3522 2225 3562 ideo

580 3592 784 3632 Dominus
807 3597 974 3631 vocatur
995 3595 1020 3614 ‘⁴
1039 3590 1197 3639 Pater,'’
1225 3595 1266 3630 et
1288 3588 1461 3628 ecclesia
1481 3594 1506 3612 “
1522 3589 1656 3628 Mater
1666 3589 1690 3608 ’·’
1720 3589 1778 3642 (n.
1801 3586 1949 3642 1338[?
1971 3586 2223 3641 1335]-1337

579 3653 650 3696 [De
663 3655 747 3686 Am.
767 3653 867 3692 Conj,
884 3662 919 3685 n.
939 3643 1138 3700 118-120]).

500 3745 541 3784 N
544 3744 742 3784 ativitates
762 3757 786 3783 a
808 3742 992 3783 Domino
1010 3748 1056 3782 ut
1076 3743 1192 3782 Patre
1212 3753 1285 3795 per
1301 3739 1516 3780 ecclesiam
1537 3746 1580 3779 ut
1598 3739 1774 3780 Matrem
1794 3745 1887 3779 sunt
1906 3750 2048 3779 omnes
2066 3736 2224 3791 spiritu·
